2259 3467
855 124 1389 177 ARGUMENTUM.
1901 128 1966 175 31

274 222 474 272 virtutis
507 230 736 287 expertes
769 224 941 274 reiciat
963 225 1032 288 (c.
1055 224 1160 287 12).
1235 225 1399 273 Huius
1433 238 1486 274 se
1512 224 1856 273 auctoritatem
1890 239 1964 274 se-

277 298 516 351 quentem
545 291 933 340 controversiam
960 292 1187 340 minuere
1212 290 1351 351 velle,
1374 299 1778 353 semoturumque
1804 306 1836 338 a
1861 290 1968 352 phi-

275 354 504 417 losophia
537 363 726 404 ceteras
760 358 1045 418 sententias,
1075 357 1125 405 in
1164 356 1340 419 quibus
1379 356 1514 404 nulla
1553 356 1617 404 sit
1651 355 1844 403 virtutis
1880 356 1966 403 ad-

276 420 468 469 iunctio
492 418 553 482 (c.
582 420 684 481 13).
758 422 840 470 Ita
863 422 1075 485 relinqui
1099 422 1231 470 inter
1249 423 1478 470 virtutem
1502 429 1553 469 et
1575 421 1877 482 voluptatem
1904 421 1968 468 ab

276 486 496 549 Epicuro
529 486 782 535 defensam
818 495 1099 548 certamen3
1139 488 1256 548 iam,
1283 486 1326 535 si
1359 487 1629 535 ostenderit
1656 486 1844 549 aliquid
1878 487 1967 534 ho-

276 560 476 600 nestum
521 566 645 611 esse,
684 552 819 615 quod
858 553 922 603 sit
961 567 1053 601 sua
1091 552 1141 600 vi
1179 561 1379 615 propter
1416 567 1568 615 seque
1608 550 1961 614 expetendum,

276 616 440 665 iacere
479 625 622 679 putat
665 625 824 665 totam
870 617 1075 681 Epicuri
1107 618 1419 681 disciplinam
1464 616 1534 680 (c.
1568 616 1669 676 14).
1742 617 1969 679 Exponit

277 682 446 743 igitur,
463 681 712 745 quomodo
729 698 758 732 e
776 691 951 731 natura
978 683 1195 732 hominis
1213 683 1374 731 omnis
1394 683 1547 730 virtus
1564 682 1751 730 oriatur
1768 681 1961 744 (ibid),

277 762 384 807 nec,
406 757 461 795 ut
483 748 729 810 Epicurus
747 757 900 811 putet,
923 748 977 796 id
999 763 1106 797 esse
1128 749 1407 808 honestum,
1432 747 1566 812 quod
1588 747 1810 810 populari
1834 746 1969 795 fama
2013 804 2019 808 .

275 813 506 862 laudetur
531 813 593 876 (c.
626 813 743 877 15);
785 814 919 877 quod
953 823 1119 862 autem
1164 815 1410 877 Epicurus
1437 813 1704 876 voluptatis
1738 827 1894 861 causa
1917 822 1969 860 et

276 877 707 928 incommodorum
743 888 880 928 metu
911 880 1156 928 iustitiam
1181 879 1349 943 expeti
1378 879 1569 938 doceat,
1598 878 1883 941 pet-infirma
1909 892 1970 927 ea

276 943 613 1007 improbitatis
632 944 830 993 vincula
856 945 905 992 iu
931 945 1120 994 callidis
1148 954 1198 993 et
1226 944 1510 1007 potentibus
1537 943 1816 1003 hominibus
1840 958 1961 1004 esse,

277 1024 395 1058 cum
433 1011 719 1071 praesertim
747 1010 979 1072 Epicuro,
1009 1018 1059 1059 et
1085 1009 1177 1074 qui
1207 1025 1322 1058 eum
1357 1019 1643 1073 sequantur,
1669 1009 1819 1057 etiam
1854 1024 1968 1057 cum

276 1075 494 1138 periculo
517 1090 727 1135 magnae
743 1075 1020 1138 voluptates
1041 1091 1212 1139 caque,
1231 1076 1411 1140 quibus
1429 1075 1542 1124 illae
1563 1085 1814 1137 parentur,
1836 1074 1970 1122 velut

276 1141 532 1204 pecuniae,
556 1140 768 1203 petenda.
800 1142 901 1190 sint
928 1139 995 1203 (c.
1021 1143 1236 1202 16-18);
1269 1141 1578 1204 eandemque
1615 1139 1969 1202 temperantiae

276 1217 329 1255 et
349 1206 650 1255 fortitudinis
673 1207 913 1256 rationem
938 1222 1060 1268 esse,
1086 1217 1139 1255 ut
1159 1222 1221 1256 ea
1249 1216 1356 1263 tum
1385 1207 1586 1254 demum
1618 1214 1903 1268 appareant,
1926 1204 1966 1253 si

277 1272 460 1320 nullius
499 1272 750 1321 commodi
790 1288 940 1321 causa
978 1274 1186 1322 honeste
1218 1282 1395 1333 agatur
1412 1271 1475 1333 (c.
1502 1271 1604 1335 19).
1676 1270 1730 1320 Si
1765 1270 1968 1332 Epicuri

276 1352 394 1387 vera
415 1338 479 1386 sit
506 1338 764 1396 sententia,
779 1339 979 1387 beatum
1003 1338 1272 1387 dicendum
1296 1352 1419 1399 esse,
1439 1338 1523 1401 qui
1552 1338 1601 1384 iu
1630 1336 1855 1385 omnium
1883 1350 1969 1383 vo-

275 1402 520 1465 luptatum
549 1404 694 1466 copia
719 1404 949 1465 molliter,
978 1403 1064 1452 sed
1093 1414 1238 1452 caute
1270 1412 1320 1452 et
1353 1405 1621 1466 prudenter
1648 1402 1795 1461 vivat,
1818 1409 1873 1449 ut
1901 1401 1961 1450 L.

275 1468 491 1517 Thorius
509 1467 696 1517 Balbus
716 1470 911 1529 fecerit3
953 1469 1046 1517 sibi
1070 1470 1340 1518 beatiorem
1367 1469 1519 1517 rideri
1543 1468 1697 1516 fuisse
1719 1466 1965 1527 Regulum

277 1541 382 1582 tum
427 1535 605 1596 ipsum,
640 1549 755 1583 cum
795 1535 1097 1584 cruciaretur
1135 1534 1196 1596 (c.
1235 1535 1342 1595 20).
1431 1533 1632 1595 Epicuri
1673 1532 1968 1580 sententiam

276 1600 504 1661 sequenti
526 1609 579 1648 et
605 1600 868 1647 Lucretiae
895 1608 945 1646 et
971 1600 1032 1648 L.
1055 1598 1286 1659 Verginii
1315 1599 1450 1646 facta
1478 1597 1802 1659 vituperanda.
1829 1611 1935 1645 esse
1950 1615 1982 1657 3„

276 1679 370 1711 nec
397 1664 603 1711 omnino
630 1664 679 1711 in
709 1664 793 1711 illa
820 1664 991 1711 schola
1026 1663 1185 1711 claros
1211 1663 1343 1711 viros
1371 1671 1521 1711 testes
1552 1663 1791 1721 adhiberi,
1814 1662 1970 1710 virtu-

279 1737 452 1790 tesque
473 1727 604 1789 ipsas
629 1728 795 1776 induci
810 1728 1074 1790 voluptatis
1097 1727 1354 1775 ancillulas
1373 1729 1438 1788 (c.
1459 1726 1558 1790 21).
1631 1726 1777 1787 Quod
1802 1734 1969 1775 autem

279 1802 429 1852 neget
462 1792 706 1854 Epicurus
742 1807 1058 1857 quemquam,
1088 1792 1175 1857 qui
1213 1792 1417 1842 honeste
1452 1808 1552 1840 non
1582 1791 1730 1853 vivat,
1760 1790 1972 1841 iucunde

277 1858 442 1906 virere
464 1872 624 1919 posse,
649 1872 746 1906 non
774 1873 920 1921 posse
945 1858 1183 1908 virtutem
1212 1858 1427 1919 retineri,
1449 1857 1492 1905 si
1517 1857 1686 1906 omnia
1713 1856 1778 1905 ad
1801 1857 1971 1920 volup-

278 1931 436 1971 tatem
463 1922 754 1983 dirigantur,
779 1923 866 1972 sed
895 1933 1086 1972 tantum
1122 1923 1292 1972 fictam
1325 1923 1538 1986 speciem
1566 1922 1635 1985 (c.
1660 1922 1766 1984 22).
1836 1922 1971 1971 Illud

208 2037 215 2048 ,
277 1997 442 2036 autem
478 1988 625 2050 quale
651 2004 773 2050 csse,
799 1989 931 2051 quod
971 2004 1035 2038 ne
1068 1988 1288 2051 profiteri
1325 1988 1527 2052 quidem
1561 1988 1823 2053 quisquam
1856 2002 1968 2036 eam

277 2054 575 2102 senteutiam
595 2055 779 2102 audeat
795 2054 926 2116 apud
947 2055 1197 2118 populum,
1222 2069 1275 2103 se
1292 2055 1462 2103 omnia
1480 2054 1745 2116 voluptatis
1763 2062 1853 2116 aut
1870 2067 1970 2102 non

277 2119 481 2170 dolendi,
524 2135 676 2168 causa
718 2121 920 2170 facere?
954 2119 1024 2181 (c.
1056 2120 1163 2184 23).
1237 2121 1343 2168 Nec
1382 2119 1656 2169 amicitiam
1701 2121 1970 2169 consistere

276 2200 435 2247 posse,
462 2199 588 2247 quae
615 2193 807 2234 mutata
829 2184 1043 2234 utilitate
1069 2186 1178 2248 ipsa
1206 2194 1425 2236 mutetur
1450 2200 1648 2234 necesse
1675 2186 1739 2234 sit
1766 2184 1830 2247 (c.
1858 2186 1962 2245 24).

277 2250 424 2310 Quod
452 2249 559 2312 ipse
584 2250 828 2313 Epicurus
855 2252 1100 2300 amicitias
1128 2266 1245 2300 cum
1281 2251 1379 2300 fide
1408 2251 1630 2311 coluerit,
1653 2251 1828 2299 melius
1855 2265 1967 2299 eum

277 2316 457 2364 fecisse
485 2330 636 2378 quam
667 2316 853 2365 dixisse
883 2317 946 2378 (c.
971 2316 1088 2377 25);
1126 2332 1220 2366 nec
1251 2317 1560 2380 probandam
1588 2331 1695 2365 esse
1722 2316 1872 2365 ullam
1903 2330 1970 2364 ex

279 2381 435 2430 tribus
473 2380 764 2442 rationibuS,
797 2397 921 2445 quas
959 2382 1243 2446 Torquatus
1275 2382 1339 2431 de
1376 2382 1599 2431 amicitia
1638 2382 1971 2444 proposuisset

279 2445 346 2508 (c.
372 2446 475 2506 26).
536 2447 765 2495 Perfecto
788 2448 936 2508 igitur
957 2457 1007 2496 et
1024 2448 1272 2510 concluSO,
1295 2463 1457 2511 neque
1473 2448 1643 2495 virtuti
1666 2461 1828 2510 neqpe
1850 2447 1972 2495 ami-

279 2512 427 2560 citiae
462 2512 513 2559 in
542 2512 745 2574 Epicuri
780 2513 1038 2574 disciplina
1064 2513 1230 2562 locum
1261 2528 1383 2574 esse,
1406 2513 1618 2562 breviter
1650 2512 1826 2561 Cicero
1861 2512 1971 2560 reli-

280 2592 408 2641 quae
429 2578 674 2640 Torquati
700 2579 916 2626 orationi
941 2578 1233 2641 respondet3
1273 2580 1489 2641 primum
1514 2578 1713 2627 beatam
1735 2577 1904 2635 vitam,
1930 2576 1971 2624 si

280 2642 507 2705 voluptas
530 2644 594 2691 sit
617 2658 866 2692 summum
892 2644 1089 2704 bonum,
1110 2643 1162 2691 in
1187 2653 1430 2705 potestate
1453 2643 1686 2706 sapientis
1708 2657 1808 2690 non
1837 2642 1972 2689 sutu-

281 2723 418 2768 ram;
459 2722 551 2756 nec
591 2723 762 2757 verum
812 2725 934 2771 esse,
958 2710 1092 2772 quod
1131 2709 1376 2771 Epicurus
1410 2709 1559 2769 dicat,
1588 2722 1688 2755 non
1728 2708 1971 2755 minorem

281 2773 586 2835 voluptatem
631 2790 699 2823 ex
743 2775 876 2824 brevi
923 2785 1146 2837 tempore
1182 2790 1333 2839 quam
1373 2790 1439 2824 ex
1475 2773 1747 2834 longinquo
1786 2771 1971 2834 percipi

283 2837 352 2901 (c.
378 2838 483 2897 27).
553 2839 680 2887 Etsi
703 2840 1018 2900 concedatur,
1039 2841 1198 2902 ipsam
1225 2849 1452 2888 naturam
1470 2840 1741 2900 sapientem
1759 2836 1974 2899 locuple-

282 2914 391 2952 tare
414 2913 463 2951 et
483 2919 727 2953 summam
755 2906 1053 2968 voluptatem
1084 2920 1149 2953 ex
1177 2905 1427 2953 vilissimis
1457 2904 1602 2951 rebus
1629 2902 1829 2965 percipi,
1852 2902 1974 2966 quid

284 2969 347 3017 de
365 2968 534 3018 dolore
558 2970 820 3019 dicendum
842 2972 986 3021 esse?
1021 2971 1105 3033 qui
1128 2971 1170 3018 si
1194 2985 1441 3019 summum
1461 2968 1525 3017 sit
1549 2970 1750 3028 malum,
1774 2982 1975 3016 omnem

286 3036 459 3083 beatae
482 3035 611 3083 vitae
637 3036 1041 3084 constitutionem
1069 3036 1224 3084 everti
1247 3035 1313 3097 (c.
1336 3027 1455 3094 28);
1493 3049 1610 3082 nam
1642 3033 1859 3081 remedia
1885 3033 1975 3080 do-

283 3100 401 3149 loris
418 3100 481 3147 ab
498 3100 715 3161 Epicuro
744 3102 993 3163 proposita
1016 3101 1204 3148 nullam
1227 3101 1326 3148 vim
1355 3100 1565 3159 habere3
1597 3099 1789 3147 virtutis
1813 3097 1976 3161 potius

285 3174 336 3216 et
363 3166 720 3227 magnitudinis
751 3166 905 3215 animi
942 3166 1175 3215 fomentis
1211 3180 1325 3214 eum
1368 3164 1526 3226 leniri,
1555 3164 1703 3228 idque
1729 3178 1797 3213 ex
1823 3162 1977 3226 ipsius
