2259 3467
260 56 341 132 26‘
422 82 522 131 DE
555 80 846 132 mmssus
878 80 1232 131 BONORUM
1267 81 1360 130 ET
1392 80 1774 132 MALORUM.

259 184 571 256 incurrunt,
595 202 909 261 numquam
934 183 1051 241 vim
1080 189 1300 241 tantam
1331 182 1562 255 habent,
1581 190 1649 242 ut
1674 204 1793 242 non
1814 184 1946 261 plus

257 264 466 321 habeat
506 265 748 341 sapiens,
781 263 937 342 quod
980 263 1244 340 gaudeat,
1270 283 1442 341 quam
1486 264 1641 343 quod
1681 272 1942 341 angatur.

260 350 352 402 63.
397 344 633 421 Optime
663 364 795 401 vero
834 344 1129 421 EpicuruS‚
1157 344 1313 421 quod
1347 345 1614 421 exiguam
1647 345 1797 406 dixit
1829 345 1947 403 for·

257 433 458 483 tunam
508 425 849 481 intervenire
898 424 1161 501 sapienti,
1206 424 1596 502 maximasque
1644 424 1718 482 ab
1768 445 1837 483 eo
1885 433 1945 484 et

257 505 620 582 gravissimas
669 524 759 562 res
806 505 1047 563 consilio
1102 505 1287 581 ipsius
1334 513 1393 563 ct
1437 507 1657 562 ratione
1703 505 1947 563 admini-

258 586 441 654 strari,
462 604 646 661 neque
671 585 942 643 maiorem
963 585 1318 661 voluptatem
1343 604 1410 642 ex
1434 583 1662 642 infinito
1683 593 1945 662 tempore

257 666 462 724 aetatis
495 665 712 742 percipi
746 685 928 742 posse,
956 684 1128 743 quam
1159 684 1226 722 ex
1257 665 1366 723 hoc
1400 664 1765 742 percipiatur,
1787 666 1945 742 quod

258 746 553 803 videamus
592 765 714 804 esse
747 746 992 804 finitum.
1080 745 1150 802 In
1189 745 1487 803 dialectica
1530 753 1721 803 autem
1761 753 1947 803 vestra

260 826 471 883 nullam
503 826 850 884 existimavit
875 845 995 883 esse
1026 845 1128 883 nec
1158 826 1229 882 ad
1266 825 1471 883 melius
1498 825 1807 883 vivendum
1838 845 1945 884 nec

257 907 331 964 ad
359 906 720 964 commodius
747 906 1144 964 disserendum
1175 906 1307 964 vim.
1386 905 1452 962 In
1489 905 1745 983 physicis
1771 905 1946 983 pluri·

256 1007 417 1044 mum
446 987 657 1065 posuit.
744 986 829 1044 Ea
857 987 1093 1044 scientia
1122 995 1181 1044 et
1211 985 1510 1043 verborum
1541 988 1627 1043 vis
1655 994 1714 1044 et
1742 992 1946 1044 natura

258 1067 535 1125 orationis
589 1076 647 1125 et
696 1067 1167 1144 consequentium
1225 1066 1742 1144 repugnantiumve
1794 1067 1944 1125 ratio

256 1157 449 1228 potest
491 1148 771 1225 perspici3
816 1147 1076 1205 omnium
1111 1154 1305 1205 autem
1349 1166 1533 1204 rerum
1581 1156 1782 1204 natura
1814 1165 1946 1223 eog-

257 1229 381 1286 nita
421 1227 675 1286 levamur
715 1227 1137 1305 superstitione,
1167 1227 1475 1285 liberamur
1519 1228 1722 1285 mortis
1763 1236 1941 1298 metu,

258 1328 372 1365 non
404 1307 817 1366 conturbamur
841 1307 1206 1384 ignoratione
1234 1327 1440 1379 rerum,
1463 1327 1493 1365 e
1524 1327 1636 1385 qua
1665 1308 1790 1385 ipsa
1819 1306 1946 1365 hor-

258 1389 452 1446 ribiles
505 1389 760 1446 existunt
815 1407 982 1465 saepe
1037 1388 1411 1459 formidines3
1472 1388 1720 1466 denique
1770 1388 1944 1446 etiam
1981 1421 1993 1429 ·

257 1469 467 1526 morati
495 1469 699 1527 melius
733 1469 959 1539 erimus,
985 1487 1116 1526 cum
1153 1468 1541 1538 didicerimus,
1568 1467 1706 1545 quid
1742 1477 1947 1527 natura

259 1549 558 1607 desideret.
642 1549 791 1607 Tum
833 1569 982 1619 ver0,
1014 1549 1062 1606 si
1106 1547 1366 1606 stabilem
1414 1548 1709 1606 scientiam
1754 1568 1943 1607 rerum

257 1629 597 1701 tenebimuS,
628 1637 849 1688 servata
887 1629 1000 1701 illa,
1026 1648 1172 1707 quae
1215 1629 1376 1707 quasi
1410 1629 1643 1706 delapsa
1681 1628 1755 1686 de
1787 1629 1945 1687 caelo

258 1718 345 1767 est
372 1710 444 1767 ad
472 1711 866 1787 cognitionem
896 1711 1175 1780 omnium,
1199 1709 1412 1786 regula,
1436 1709 1509 1767 ad
1544 1729 1716 1787 quam
1750 1710 1948 1767 omnia

258 1790 471 1847 iudicia
514 1810 702 1848 rerum
747 1791 1084 1866 dirigentur,
1114 1808 1429 1867 numquam
1476 1789 1645 1847 ullius
1687 1791 1946 1849 oratione

258 1870 395 1927 victi
437 1872 723 1928 sententia
766 1870 1122 1928 desistemus,
1212 1876 1304 1927 64.
1350 1869 1479 1927 Nisi
1516 1878 1706 1928 autem
1756 1883 1943 1928 rerum

258 1958 462 2007 natura
511 1958 807 2027 perspecta
855 1951 980 2021 erit,
1016 1949 1175 2007 nullo
1229 1951 1407 2007 modo
1457 1950 1782 2027 poterimus,
1825 1970 1947 2007 sen-

259 2049 426 2087 suum
488 2029 701 2086 iudicia
755 2030 1078 2088 defendere.
1167 2028 1464 2106 Quidquid
1523 2050 1696 2108 porro
1750 2030 1946 2088 animo

259 2109 559 2181 cernimuS,
591 2110 651 2167 id
687 2129 858 2167 omne
897 2110 1080 2167 oritur
1111 2129 1146 2166 a
1179 2110 1471 2179 sensibus3
1508 2110 1607 2189 qui
1652 2111 1699 2167 si
1745 2129 1948 2169 omnes

257 2190 376 2247 veri
406 2199 588 2261 erunt,
607 2197 676 2247 ut
704 2189 939 2267 Epicuri
969 2191 1114 2247 ratio
1144 2190 1329 2262 docet,
1355 2198 1481 2248 tum
1509 2191 1757 2268 denique
1788 2198 1948 2268 pote·

258 2271 335 2328 rit
362 2269 579 2348 aliquid
609 2270 878 2347 cognosci
914 2278 973 2328 et
1006 2270 1239 2348 percipi.
1325 2269 1485 2339 Quos
1514 2271 1613 2349 qui
1648 2271 1861 2329 tollunt
1887 2279 1948 2329 et

260 2350 402 2407 nihil
432 2370 600 2428 posse
633 2349 853 2427 percipi
885 2350 1104 2422 dicunt,
1129 2349 1189 2420 ii,
1209 2351 1448 2409 remotis
1480 2351 1757 2422 sensibus,
1786 2370 1858 2409 ne
1884 2351 1949 2409 id

259 2431 449 2507 ipsum
510 2431 741 2508 quidem
800 2431 1069 2508 expedire
1126 2438 1387 2507 possunt,
1428 2431 1586 2509 quod
1641 2432 1945 2490 disserunt.

259 2510 576 2582 Praeterea,
601 2510 825 2568 sublata
855 2511 1187 2587 cognitione
1216 2518 1275 2568 et
1302 2511 1554 2583 scientia,
1578 2511 1802 2569 tollitur
1829 2531 1950 2569 om-

260 2591 350 2648 nis
391 2591 537 2649 ratio
582 2599 642 2649 et
685 2591 836 2649 vitae
877 2591 1172 2668 degendae
1213 2598 1272 2649 et
1320 2611 1506 2649 rerum
1549 2591 1943 2668 gerendarum.

260 2670 355 2728 Sic
400 2691 431 2729 e
475 2671 733 2748 physicis
778 2677 839 2729 et
880 2671 1167 2729 fortitudo
1217 2671 1462 2730 sumitur
1502 2677 1703 2729 contra
1745 2672 1950 2729 mortis

261 2752 528 2809 timorem
578 2759 637 2809 et
678 2752 998 2809 constantia
1039 2757 1243 2809 contra
1289 2759 1508 2809 metum
1555 2752 1851 2828 religionis
1890 2758 1951 2810 et

260 2831 480 2889 sedatio
527 2831 722 2902 animi,
760 2832 1021 2889 omnium
1069 2847 1256 2889 rerum
1316 2831 1668 2889 occultarum
1724 2832 1952 2908 ignora-

258 2911 419 2968 tione
461 2911 697 2982 sublata‚
723 2919 783 2969 et
824 2911 1161 2982 moder-atie,
1194 2918 1397 2968 natura
1428 2911 1814 2988 cupiditatum
1856 2931 1952 2985 ge—

260 2989 604 3068 neribusque
626 3009 817 3049 earum
842 2991 1155 3068 explicatiS,
1173 3000 1247 3061 et,
1266 2997 1330 3048 ut
1352 2991 1527 3049 modo
1548 2991 1738 3061 docui,
1758 2991 1953 3068 cogni-

259 3071 437 3128 tionis
464 3072 660 3146 regula
687 3079 746 3129 et
776 3071 989 3129 iudicio
1011 3071 1084 3128 ab
1107 3070 1312 3128 eodem
1344 3070 1441 3128 illo
1472 3072 1809 3185 constituto,
1836 3071 1952 3129 veri

261 3170 296 3208 a
322 3150 468 3207 falso
496 3123 794 3209 distinctio
828 3150 1087 3210 traditur.
