2259 3467
783 138 923 189 LIB.
953 139 1041 200 V„
1069 139 1229 190 cAP.
1264 140 1523 191 VIL-IX.
1907 146 2001 194 155

311 238 536 297 bendae
564 239 803 297 omnino
831 259 948 298 non
976 240 1229 300 fuerunt.
1301 240 1455 300 Nam
1483 261 1616 300 cum
1645 243 1834 301 omnis
1860 243 2001 304 haec

312 320 574 397 quaestio
603 319 676 377 de
708 320 920 378 finibus
949 330 1007 380 et
1037 322 1198 398 quasi
1229 322 1300 380 de
1329 323 1600 381 extremis
1627 322 1914 381 bonorum
1942 332 2002 383 et

309 399 593 457 malorum
630 399 702 457 ab
728 420 800 458 eo
835 401 1244 476 proficiscatur,
1277 403 1434 480 quod
1471 403 1724 461 diximus
1765 411 2000 463 naturae

311 498 434 537 esse
475 486 673 557 aptum
719 487 779 538 ct
819 481 1337 555 accommodatum,
1363 483 1632 560 quodque
1671 484 1859 561 ipsum
1897 503 2002 562 per

311 579 372 617 se
404 560 655 636 primum
687 567 1007 637 appetatur,
1033 561 1144 619 hoc
1171 569 1364 620 totum
1393 570 1452 621 et
1478 563 1520 620 ii
1556 563 1784 637 tollunt,
1810 565 1910 642 qui
1937 565 1996 623 in

310 639 480 698 rebus
508 640 594 712 iis,
620 639 678 698 in
710 640 919 717 quibus
945 641 1091 699 nihil
1120 647 1221 701 aut
1250 642 1557 701 honestum
1587 650 1687 701 aut
1708 651 1875 722 turpe
1904 645 1995 719 sit,

308 726 525 797 negant
551 739 673 779 esse
696 719 871 779 ullam
895 740 1141 794 causam,
1167 741 1268 780 cur
1287 722 1445 781 aliud
1471 722 1567 781 alii
1597 731 1994 801 anteponatur,

309 815 415 857 nec
444 801 595 858 inter
621 820 716 859 eas
743 820 833 858 res
854 802 1171 879 quidquam
1200 802 1439 860 omnino
1469 810 1678 880 putant
1705 804 1994 876 interesse,

307 886 389 938 et.
416 880 643 953 Erillus,
680 881 730 939 si
778 881 861 939 ita
909 883 1102 950 sensit,
1141 881 1284 940 nihil
1335 902 1455 941 esse
1505 883 1723 941 bonum
1774 891 1998 961 praeter

307 960 626 1034 scientiam,
648 980 881 1019 omnem
909 962 1135 1020 consilii
1164 962 1429 1041 capiendi
1458 983 1686 1022 causam
1716 964 1997 1022 inventio·

306 1059 555 1118 nemque
590 1040 763 1099 officii
797 1042 1045 1103 sustulit.
1131 1043 1228 1102 Sic
1262 1044 1508 1102 exclusis
1541 1044 1840 1103 sententiis
1872 1044 1997 1102 reli-

307 1131 581 1197 quorum,
603 1141 733 1180 cum
768 1129 1059 1199 praeterea
1091 1123 1249 1181 nulla
1289 1143 1411 1182 esse
1443 1125 1644 1201 possit,
1677 1124 1815 1183 haec
1852 1125 1996 1183 anti-

305 1217 551 1278 quorum
575 1202 761 1260 valeat
788 1222 1015 1261 necesse
1043 1209 1147 1262 est.
1211 1204 1399 1283 Igitur
1426 1204 1693 1263 instituto
1716 1212 1990 1279 veterum,

305 1299 424 1359 quo
453 1281 625 1339 etiam
656 1281 837 1341 Stoici
867 1291 1124 1356 utuntur,
1149 1284 1286 1342 hinc
1315 1283 1608 1363 capiamus
1640 1286 1956 1344 exordium.

386 1360 494 1421 IX.
581 1367 675 1421 24.
720 1362 909 1422 Omne
937 1364 1148 1422 animal
1183 1385 1242 1423 se
1276 1366 1467 1443 ipsum
1497 1365 1690 1442 diligit
1717 1385 1799 1436 ac,
1821 1365 1991 1423 simul
2034 1395 2040 1400 ·

304 1434 420 1519 [et]
465 1448 656 1499 ortum
699 1450 802 1516 est,
842 1443 907 1501 id
954 1444 1091 1521 agit,
1129 1452 1197 1502 ut
1238 1464 1298 1503 se
1347 1452 1660 1515 conservet,
1698 1444 1856 1522 quod
1897 1445 1991 1504 hic

303 1522 358 1579 ei
408 1522 629 1598 primus
677 1522 753 1581 ad
797 1543 1031 1581 omnem
1073 1525 1252 1582 vitam
1295 1525 1569 1582 tuendam
1617 1525 1910 1602 appetitus
1957 1545 1993 1583 a

302 1608 508 1660 natura
541 1602 726 1675 datur,
752 1623 811 1661 se
842 1614 906 1661 ut
939 1612 1236 1661 conservet
1270 1613 1442 1682 atque
1474 1605 1557 1662 ita
1591 1604 1666 1661 sit
1698 1605 1987 1677 affectum,

303 1689 371 1739 ut
421 1682 641 1761 optime
692 1683 1006 1742 secundum
1058 1691 1321 1742 naturam
1370 1685 1643 1742 affectum
1693 1701 1814 1742 esse
1862 1703 1993 1762 pos-

303 1762 396 1822 sit.
482 1762 651 1822 Hanc
689 1764 861 1822 initio
902 1764 1330 1822 institutionem
1373 1766 1674 1823 confusam
1716 1764 1891 1823 habet
1931 1772 1991 1823 et

301 1842 598 1914 incertam,
635 1850 701 1902 ut
741 1845 1150 1902 tantummodo
1198 1865 1256 1903 se
1301 1851 1544 1914 tueatur,
1578 1844 1991 1923 qualecumque

302 1922 413 1994 sit;
450 1922 551 1981 sed
573 1943 677 1982 nec
700 1923 839 2002 quid
862 1925 954 1995 sit,
980 1944 1082 1983 nec
1113 1924 1255 2001 quid
1283 1925 1483 2002 possit,
1503 1944 1609 1982 nec
1640 1924 1778 2002 quid
1808 1924 1989 2002 ipsius

301 2009 508 2061 natura
535 2004 625 2076 sit,
651 2004 951 2082 intellegit.
1036 2004 1186 2063 Cum
1217 2014 1407 2063 autem
1442 2006 1722 2082 processit
1749 2004 1985 2082 paulum

301 2089 377 2154 et,
400 2090 681 2160 quatenus
704 2084 988 2163 quidquid
1016 2104 1076 2143 se
1104 2085 1354 2163 attingat
1382 2085 1454 2143 ad
1485 2104 1656 2164 seque
1684 2085 1986 2163 pertineat,

302 2163 623 2241 perspicere
664 2164 872 2242 coepit,
896 2172 1022 2222 tum
1059 2165 1271 2223 sensim
1305 2165 1510 2243 incipit
1543 2166 1814 2244 progredi
1846 2186 1991 2224 sese·

302 2261 414 2319 que
443 2262 750 2320 agnoscere
772 2250 830 2302 et
852 2244 1197 2321 intellegere,
1223 2265 1394 2323 quam
1419 2246 1495 2303 ob
1524 2265 1749 2304 causam
1781 2245 1990 2304 habeat

301 2341 451 2394 eum,
477 2342 649 2402 quem
678 2323 945 2396 diximus,
970 2326 1150 2382 animi
1178 2327 1517 2403 appetitum,
1549 2333 1895 2404 coeptatque
1928 2333 1989 2385 et

301 2422 383 2473 ea,
406 2422 550 2480 quae
592 2410 828 2462 naturae
862 2405 1039 2462 sentit
1071 2413 1223 2483 apta,
1254 2413 1523 2484 appetere
1556 2412 1615 2463 et
1656 2404 1988 2483 propulsare

300 2483 599 2542 contraria.
683 2483 839 2560 Ergo
879 2484 1038 2542 omni
1074 2485 1307 2542 animali
1350 2484 1508 2556 illud,
1542 2485 1697 2562 quod
1743 2485 1988 2560 appetit,

298 2562 556 2640 positum
579 2569 666 2620 est
694 2563 753 2620 in
783 2583 869 2637 e0‚
896 2564 1054 2642 quod
1086 2573 1323 2622 naturae
1352 2572 1440 2622 est
1466 2564 1985 2623 accommodatum.

299 2641 392 2713 Ita
425 2641 556 2698 finis
590 2642 873 2701 bonorum
908 2645 1119 2717 existit,
1147 2645 1461 2703 secundum
1500 2651 1761 2702 naturam
1798 2644 1986 2702 vivere

299 2722 381 2779 sic
415 2722 704 2794 affectum,
736 2731 802 2782 ut
836 2725 1056 2800 optimc
1085 2723 1234 2782 affici
1277 2725 1459 2802 possit
1500 2724 1573 2781 ad
1610 2730 1986 2799 naturamque

297 2802 909 2862 accommodatissime.
996 2810 1089 2862 25.
1127 2803 1413 2873 Quoniam
1451 2812 1645 2862 autem
1674 2823 1776 2862 sua
1804 2803 1989 2860 cuius-

299 2901 412 2960 que
445 2882 754 2941 animantis
787 2891 991 2941 natura
1023 2891 1125 2956 est,
1151 2904 1378 2943 necesse
1412 2891 1515 2956 est,
1547 2883 1719 2942 finem
1756 2902 1987 2961 quoquc

297 2962 563 3019 omnium
597 2962 749 3020 hunc
783 2983 920 3034 esse,
945 2970 1012 3022 ut
1050 2972 1256 3021 natura
1288 2964 1583 3041 expleatur
1617 2960 1786 3038 (nihil
1829 2964 1983 3021 enim

295 3041 585 3120 prohibet,
618 3042 898 3119 quaedam
940 3062 1062 3100 esse
1095 3052 1156 3101 et
1187 3044 1337 3101 inter
1377 3063 1438 3100 se
1478 3042 1821 3100 animalibus
1861 3042 1986 3100 reli·

298 3122 429 3200 quis
456 3128 517 3180 et
543 3141 675 3179 cum
703 3122 904 3180 bestiis
934 3122 1160 3180 homini
1191 3123 1537 3194 communia,
1563 3123 1837 3200 quoniam
1865 3141 1987 3179 om-

295 3202 461 3260 nium
520 3209 610 3260 est
663 3208 868 3260 natura
913 3199 1282 3277 communis),
1325 3201 1426 3260 sed
1466 3208 1722 3262 extrema
1778 3202 1879 3260 illa
1924 3207 1986 3259 et
