2259 3467
270 119 366 166 160
443 117 541 165 DE
574 115 864 165 FINIBUS
897 114 1249 165 BONORUM
1282 115 1377 164 ET
1403 115 1781 167 MALORUM.

267 217 495 286 mentiS,
531 217 623 275 cui
664 222 790 273 tota
837 214 1089 272 hominis
1129 222 1335 272 natura
1374 222 1586 292 pareat,
1621 216 1683 274 iu
1727 236 1840 295 qua
1882 218 1959 277 sit

269 297 545 355 mirabilis
601 295 881 373 quaedam
929 295 1018 352 vis
1076 295 1316 353 rationis
1370 302 1430 353 et
1487 297 1839 372 cognitionis
1898 307 1959 357 et

269 378 539 436 scientiae
560 377 953 453 virtutumque
981 375 1259 433 omnium.
1345 374 1494 433 Nam
1528 395 1672 454 quae
1700 379 1958 455 corporis

269 464 420 527 sunt,
444 477 511 514 ea
550 476 655 514 nec
697 456 1097 514 auctoritatem
1130 475 1263 513 cum
1299 456 1478 513 animi
1512 456 1773 532 partibus
1805 478 1959 516 com-

269 537 579 616 parandam
604 544 663 593 et
689 536 1078 613 cognitionem
1104 535 1319 608 liabent
1346 536 1681 594 faciliorem.
1753 536 1957 615 Itaque

269 618 342 675 ab
376 617 466 675 his
499 615 805 674 ordiamur.
892 623 986 674 35.
1030 615 1306 693 Corporis
1338 616 1517 693 igitur
1548 617 1730 674 nostri
1765 626 1957 693 partes

268 704 506 775 totaque
534 696 718 775 figura
738 703 798 754 et
829 697 1020 754 forma
1051 703 1110 753 et
1144 702 1360 754 statura
1394 715 1566 773 quam
1596 703 1732 773 apta
1759 698 1833 755 ad
1862 717 1959 755 na-

269 785 457 836 turam
500 778 592 849 sit,
623 783 875 854 apparet,
911 794 1098 854 neque
1147 783 1236 834 est
1282 775 1543 847 dubium,
1580 777 1737 853 quin,
1774 777 1952 850 fronS,

270 858 438 928 oculi,
465 876 629 915 aures
670 865 729 915 et
769 856 1019 933 reliquae
1059 862 1253 932 partes
1295 856 1491 934 quales
1531 857 1796 934 propriae
1839 858 1957 916 sint

268 938 539 1009 hominia
569 936 967 1013 in'tellegatur3
1011 936 1113 993 sed
1146 943 1298 994 certe
1340 956 1487 1012 opus
1528 944 1631 1007 est,
1662 956 1729 994 ea
1770 937 1955 995 valere

269 1024 329 1076 et
360 1019 552 1095 vigere
586 1024 644 1075 et
676 1016 960 1074 naturales
994 1024 1189 1074 motus
1221 1035 1469 1093 ususque
1502 1015 1726 1088 habere,
1752 1023 1817 1075 ut
1848 1036 1956 1076 nec

269 1097 419 1164 absit
446 1098 587 1176 quid
615 1116 812 1155 eorum
847 1115 953 1154 nec
979 1114 1216 1173 aegrum
1244 1096 1680 1155 debilitatumve
1709 1098 1799 1155 sit..
1883 1097 1958 1155 Id

270 1178 421 1235 enim
454 1184 657 1235 natura
677 1176 976 1235 desiderat.
1060 1176 1168 1233 Est
1188 1182 1379 1234 autem
1411 1176 1585 1234 etiam
1614 1177 1765 1234 actio
1789 1196 1959 1255 quae-

269 1257 403 1315 dam
437 1258 709 1334 corporiS,
734 1275 879 1334 quae
912 1262 1106 1314 motus
1140 1264 1198 1314 et
1233 1263 1415 1314 status
1450 1263 1683 1314 naturae
1717 1276 1959 1335 congru-

268 1344 430 1395 entes
457 1343 649 1409 tenet3
692 1338 753 1395 in
784 1336 992 1414 quibus
1025 1337 1072 1394 si
1101 1343 1371 1414 peccetur
1398 1337 1741 1394 distortione
1763 1345 1829 1395 et
1861 1338 1957 1395 de-

268 1418 602 1494 pravatione
641 1417 888 1495 quadam
930 1436 996 1475 ac
1037 1424 1201 1473 motu
1245 1423 1467 1474 statuve
1501 1416 1767 1487 deformi,
1799 1424 1865 1475 ut
1906 1419 1957 1475 si

267 1504 369 1556 aut
396 1498 661 1556 manibus
682 1496 1036 1575 ingrediatur
1057 1497 1185 1574 quis
1215 1504 1315 1554 aut
1341 1516 1456 1553 non
1481 1503 1628 1569 ante,
1654 1496 1754 1555 sed
1782 1503 1954 1570 retr0,

267 1578 469 1655 fugere
496 1578 665 1654 plane
699 1597 758 1635 se
791 1577 915 1654 ipse
949 1584 1007 1634 et
1039 1576 1334 1634 hominem
1371 1595 1584 1634 exuens
1616 1596 1685 1634 ex
1718 1576 1958 1635 homine

268 1666 529 1721 naturam
579 1657 768 1715 odisse
813 1657 1085 1714 videatur.
1172 1656 1559 1725 Quamobrem
1615 1657 1790 1714 etiam
1846 1677 1959 1715 ses-

268 1738 457 1797 siones
486 1738 763 1816 quaedam
795 1743 854 1795 et
881 1736 1015 1794 flexi
1047 1736 1331 1814 fractique
1364 1744 1574 1808 motuS,
1601 1737 1795 1814 quales
1827 1757 1959 1814 pro·

266 1825 555 1876 terrorum
597 1817 903 1875 hominum
936 1824 1037 1874 aut
1068 1816 1332 1874 mollium
1367 1836 1488 1874 esse
1522 1817 1724 1889 solent,
1756 1825 1960 1876 contra

267 1905 530 1956 naturam
565 1903 715 1969 suut,
747 1904 829 1969 ut,
860 1896 1086 1955 etiamsi
1119 1897 1300 1954 animi
1334 1896 1476 1953 vitio
1509 1897 1572 1954 id
1600 1898 1843 1969 eveniat,
1875 1905 1960 1955 ta-

266 1998 399 2036 men
423 1979 482 2036 in
505 1997 742 2054 corpore
763 1977 974 2035 mutari
1003 1976 1257 2034 hominis
1285 1982 1488 2034 natura
1510 1976 1783 2035 videatur.
1859 1984 1953 2035 36.

267 2058 470 2136 Itaque
504 2077 535 2115 e
569 2058 854 2115 contrario
896 2056 1180 2114 moderati
1223 2056 1661 2134 aequabilesque
1703 2056 1954 2129 habitus,

267 2138 599 2195 affectiones
646 2156 893 2214 ususque
942 2137 1197 2213 corporis
1241 2137 1367 2214 apti
1410 2156 1532 2194 esse
1574 2138 1646 2195 ad
1691 2145 1957 2195 naturam

267 2217 547 2275 videntur.
632 2216 755 2274 Iam
812 2236 945 2274 vero
1001 2217 1228 2275 animus
1282 2236 1397 2274 non
1450 2236 1571 2275 csse
1618 2217 1823 2288 solum,
1855 2218 1960 2276 sed

266 2297 440 2356 etiam
468 2297 765 2355 cuiusdam
793 2297 955 2355 modi
983 2296 1158 2355 debet
1185 2317 1322 2368 esse,
1353 2304 1419 2355 ut
1447 2303 1506 2355 et
1534 2317 1735 2355 omnes
1763 2306 1958 2374 partes

266 2398 396 2436 suas
437 2377 645 2436 habeat
685 2377 1000 2436 incolumes
1040 2385 1100 2435 et
1140 2377 1214 2435 de
1247 2377 1555 2435 virtutibus
1595 2378 1755 2435 nulla
1786 2377 1953 2436 desit.

267 2459 461 2536 Atque
490 2458 547 2515 in
573 2457 831 2517 sensibus
863 2464 950 2516 cst
978 2477 1080 2516 sua
1102 2459 1377 2535 cuiusque
1401 2458 1597 2530 virtue,
1620 2465 1684 2515 ut
1711 2477 1784 2515 ne
1814 2459 1957 2535 quid

264 2538 560 2615 impediat,
586 2557 701 2616 quo
723 2538 916 2596 minus
945 2558 1049 2596 suo
1079 2557 1276 2596 sensus
1299 2538 1541 2616 quisque
1568 2557 1805 2596 munere
1827 2540 1959 2596 fun·

263 2626 434 2695 gatur
454 2618 513 2676 iu
545 2619 615 2675 iis
648 2617 816 2676 rebus
849 2618 1106 2677 celeriter
1135 2619 1515 2696 expediteque
1549 2618 1954 2695 percipiendiS,

266 2717 411 2775 quae
452 2697 738 2756 subiectae
779 2706 914 2756 sunt
956 2698 1230 2757 sensibus,
1315 2697 1484 2756 XIII.
1521 2698 1726 2756 Animi
1759 2706 1957 2757 autem

263 2783 324 2835 et
351 2777 472 2834 eius
498 2777 677 2835 animi
706 2778 900 2854 partis,
923 2796 1066 2855 quae
1094 2781 1476 2858 princeps-est
1506 2798 1763 2857 quaeque
1792 2798 1957 2837 mens

263 2856 610 2927 nominatur,
633 2857 824 2934 plures
866 2866 1001 2916 sunt
1043 2859 1297 2931 virtuteS,
1330 2860 1430 2917 sed
1473 2860 1590 2917 duo
1633 2860 1822 2936 prima
1861 2879 1960 2936 ge-

263 2951 414 3004 nera,
445 2955 625 2992 unum
659 2956 869 3008 earum,
895 2957 1039 3014 quae
1076 2939 1481 3016 ingenerantur
1515 2947 1715 3016 suapte
1750 2946 1957 2997 natura

264 3012 733 3090 appellanturque
762 3034 879 3073 non
909 3017 1276 3090 voluntariae,
1302 3019 1542 3077 alterum
1573 3039 1957 3097 earum‚quae

264 3088 322 3144 in
355 3090 644 3148 voluntate
672 3094 911 3167 positae,
937 3097 1119 3173 magis
1148 3099 1382 3175 proprio
1414 3100 1648 3157 nomine
1677 3100 1954 3177 appellari

265 3165 467 3236 solent,
514 3188 752 3244 quarum
810 3180 897 3230 est
951 3176 1230 3234 excellens
1283 3179 1342 3234 in
1401 3180 1723 3238 animorum
1784 3180 1955 3238 laude
