2259 3467
790 108 932 158 ΠΒ.
957 99 1051 171 V.;
1077 107 1234 158 CAP.
1263 107 1436 170 XIX„
1465 107 1584 159 xx,
1945 110 2039 158 169

352 218 542 288 capt0,
563 229 732 286 saepe
763 207 1084 279 audiebam,
1105 228 1238 266 cum
1268 228 1326 267 se
1347 207 1491 267 lucis
1518 208 1704 286 magis
1732 228 1903 287 quam
1931 209 2042 267 uti·

352 291 534 350 litatis
567 289 854 348 desiderio
895 289 1116 346 moveri
1158 288 1389 347 diceret.
1475 288 1756 346 Somnum
1793 289 2041 367 denique

353 372 539 440 nobiS‚
560 370 672 427 nisi
701 369 1016 447 requietem
1045 369 1383 449 corporibus
1411 374 1471 426 et
1491 369 1835 427 medicinam
1869 388 2042 447 quan-

353 452 489 510 dam
523 450 734 509 laboris
774 449 1019 521 afferret,
1051 456 1253 507 contra
1284 456 1548 508 naturam
1582 456 1915 526 putaremus
1948 450 2043 507 da-

307 541 318 550 ·
352 538 517 603 tum3
551 531 741 588 aufert
769 529 921 588 enim
953 548 1153 588 sensus
1173 529 1575 607 actionemque
1596 529 1751 587 tollit
1773 548 2039 600 omnem3

353 612 551 689 itaque
599 610 649 667 si
696 616 799 668 aut
838 610 1156 687 requietem
1200 617 1403 668 natura
1444 629 1560 667 nou
1606 617 1901 687 quaereret
1942 617 2042 667 aut

353 710 479 749 eam
516 697 713 768 posset
744 690 856 748 alia
889 689 1137 767 quadam
1173 690 1394 748 ratione
1428 690 1718 767 consequi,
1742 690 1911 747 facile
1946 709 2043 767 pa-

353 779 623 842 teremur,
648 770 748 847 qui
780 770 954 828 etiam
991 789 1145 827 nunc
1178 769 1386 847 agendi
1420 770 1641 847 aliquid
1669 769 2042 847 discendique

353 870 524 910 causa
554 870 734 929 prope
763 856 965 908 contra
996 857 1257 908 naturam
1291 849 1515 928 vigilias
1548 850 1835 928 suscipere
1869 850 2043 907 solea-

355 951 501 989 mne.
988 945 993 951 ·

435 1010 574 1069 ΧΧ.
660 1016 753 1071 55.
799 1009 949 1069 Sunt
992 1016 1187 1068 autem
1237 1010 1409 1068 etiam
1458 1009 1696 1068 clariora
1735 1009 1824 1068 vel
1873 1008 2043 1087 plane

353 1091 657 1169 perspicua
715 1090 1071 1168 minimeque
1135 1089 1455 1148 dubitanda
1513 1090 1729 1148 indicia
1786 1097 2040 1161 naturae,

316 1221 324 1226 .
354 1173 606 1229 maxime
646 1171 864 1229 seilicet
897 1171 954 1228 in
993 1170 1243 1243 homine,
1274 1170 1376 1229 sed
1407 1171 1467 1229 iu
1503 1171 1664 1229 omni
1697 1170 1946 1243 animali,
1977 1179 2043 1228 ut

354 1258 593 1329 appetat
620 1251 848 1309 animus
868 1269 1035 1329 agere
1064 1270 1290 1329 semper
1310 1250 1528 1329 aliquid
1555 1269 1741 1330 neque
1770 1250 1886 1308 ulla
1912 1270 2043 1309 eon-

355 1332 584 1391 dicione
607 1332 859 1409 quietem
882 1331 1289 1409 sempiternam
1308 1332 1492 1409 possit
1519 1332 1657 1410 pati.
1742 1330 1930 1389 Facile
1956 1337 2045 1389 est

354 1411 469 1470 hoc
509 1430 736 1470 cernere
768 1412 830 1470 in
873 1412 1076 1489 primis
1115 1431 1424 1490 puerorum
1468 1410 1749 1471 aetatuliS.
1834 1410 2045 1480 Quam·

355 1511 531 1570 quam
564 1492 717 1551 enim
753 1511 967 1563 vereor,
999 1511 1071 1550 ne
1104 1492 1320 1549 nimius
1351 1493 1409 1549 in
1446 1491 1557 1549 hoc
1590 1510 1797 1568 genere
1829 1490 2040 1563 videar,

354 1579 551 1630 tamen
584 1591 786 1631 omnes
817 1579 1036 1630 veteres
1066 1571 1417 1649 philosophi,
1450 1572 1697 1630 maxime
1739 1572 1938 1643 nostri,
1969 1571 2044 1629 ad

357 1652 704 1711 incunabula
736 1651 1033 1722 accedunt,
1059 1653 1161 1730 qui
1193 1652 1252 1710 in
1291 1652 1535 1730 pueritia
1566 1652 1840 1710 facillime
1873 1670 1933 1709 se
1962 1670 2043 1708 ar-

358 1731 645 1791 bitrentur
671 1729 907 1791 naturae
938 1731 1288 1790 voluntatem
1313 1752 1480 1810 posse
1508 1750 1865 1809 cognoscere.
1942 1729 2046 1790 Vi-

356 1813 562 1872 demus
609 1813 802 1890 igitur,
833 1819 900 1870 ut
947 1813 1349 1890 conquiescere
1392 1832 1463 1871 ne
1511 1813 1763 1870 infantes
1810 1810 2043 1889 quidem

358 1893 617 1971 possint3
659 1912 792 1952 cum
836 1912 969 1950 vero
1012 1892 1247 1970 paulum
1290 1899 1702 1969 processerunt,
1726 1892 2045 1951 lusionibus

358 1973 448 2032 vel
489 1972 790 2031 laboriosis
831 1972 1204 2045 delectantur,
1228 1980 1294 2032 ut
1336 1992 1408 2032 ne
1440 1972 1769 2031 verberibus
1807 1972 2042 2049 quidem

358 2053 631 2112 deterreri
679 2053 917 2131 possint.
1003 2053 1201 2131 anue
1245 2053 1532 2131 cupiditas
1574 2053 1783 2131 agendi
1827 2052 2044 2130 aliquid

359 2133 637 2192 adulescit
657 2153 773 2191 una
800 2152 931 2191 cum
960 2133 1260 2192 aetatibus
1347 2134 1564 2213 Itaque,
1588 2153 1661 2191 ne
1683 2134 1731 2192 si
1758 2133 2046 2191 iucundis-

360 2214 522 2272 simis
564 2214 798 2292 quidem
847 2233 954 2272 nos
1001 2214 1243 2272 somniis
1291 2234 1494 2272 usuros
1542 2221 1828 2292 putemus,
1853 2213 2046 2289 Endy-

358 2294 572 2352 mionis
599 2313 867 2352 somnum
895 2293 1065 2353 nobis
1093 2294 1334 2352 velimus
1361 2295 1501 2366 dari,
1526 2295 1699 2372 idque
1728 2295 1774 2352 si
1804 2294 2041 2365 accidat,

358 2375 565 2432 mortis
584 2374 766 2432 instar
791 2381 1076 2451 putemus.
1165 2379 1257 2433 56.
1295 2374 1446 2444 Quin
1473 2375 1645 2432 etiam
1670 2373 2046 2432 inertissimos

359 2452 642 2523 homineS‚
666 2455 860 2512 nescio
890 2473 1004 2532 qua
1036 2453 1313 2530 singulari
1348 2454 1604 2531 nequitia
1635 2453 1942 2531 praeditOS,
1968 2452 2045 2509 vi-

360 2533 565 2594 demus
591 2540 786 2592 tamen
815 2541 875 2593 et
895 2553 1132 2611 corpore
1162 2541 1219 2592 et
1247 2534 1441 2613 animo
1470 2534 1688 2592 moveri
1717 2552 1942 2609 semper
1967 2539 2041 2604 et,

360 2633 494 2672 cum
535 2634 596 2672 re
636 2614 793 2672 nulla
833 2614 1224 2692 impediantur
1264 2615 1592 2686 necessaria,
1623 2621 1723 2671 aut
1762 2612 2043 2671 alveolum

360 2713 596 2771 poscere
636 2702 738 2752 aut
780 2713 1046 2772 quaerere
1089 2695 1420 2771 quempiam
1461 2693 1662 2752 ludum
1705 2700 1806 2751 aut
1838 2712 2047 2750 sermo·

328 2793 496 2831 nem
536 2774 784 2851 aliquem
827 2774 1128 2852 requirere,
1160 2794 1406 2853 cumque
1453 2794 1569 2832 non
1610 2773 1860 2832 habeant
1891 2773 2048 2850 inge-

360 2873 505 2911 nuas
553 2874 623 2913 ex
667 2854 930 2912 doctrina
974 2855 1401 2926 oblectationes,
1433 2854 1673 2913 circulos
1717 2852 1939 2927 aliquos
1988 2859 2047 2910 et

361 2933 739 2992 sessiunculas
760 2927 1090 2992 consectari.
1169 2934 1226 2991 N
1228 2954 1259 2992 e
1279 2934 1494 2993 bestiae
1518 2934 1769 3012 quidem,
1791 2952 1932 3011 quas
1953 2932 2048 2989 de-

360 3013 687 3073 lectationis
713 3033 883 3071 eausa
909 3014 1322 3085 concludimuS,
1344 3034 1473 3072 cum
1497 3014 1785 3091 copiosius
1806 3012 2044 3082 alantur,

363 3113 534 3172 quam
579 3095 628 3150 si
673 3101 864 3152 essent
899 3093 1124 3165 liberae,
1156 3094 1325 3151 facile
1366 3095 1665 3173 patiuntur
1706 3112 1828 3151 sese
1869 3092 2049 3150 conti-

361 3175 483 3232 neri
506 3181 813 3251 motusque
847 3174 1066 3236 solutos
1099 3181 1158 3232 et
1180 3193 1355 3251 vagos
1377 3195 1411 3232 a
1438 3181 1642 3233 natura
1669 3173 1780 3232 sibi
1800 3171 2048 3231 tributos
