2259 3467
697 460 776 520 M.
820 460 1092 521 TULLII
1149 461 1574 521 CICERONIS

334 608 439 705 DE
498 630 838 707 Fuimus
895 630 1299 708 BONORUM
1354 632 1457 706 ET
1512 631 1941 707 MALORUM.

832 827 1071 886 LIBER
1119 826 1440 887 PRIMUS.

809 1086 1464 1164 ARGUMENTUM.

306 1243 311 1249 -
355 1212 511 1263 Initio
543 1212 653 1261 libri
689 1213 868 1261 Cicero
902 1212 975 1262 M.
1003 1214 1218 1261 Brutum
1252 1212 1507 1276 alloquens
1541 1213 1801 1262 consilium
1836 1229 1983 1264 suum

291 1293 366 1340 ea,
395 1293 523 1342 quae
557 1279 737 1328 Graeci
771 1278 834 1327 de
868 1278 1178 1342 philosophia
1218 1279 1544 1341 scripsissent,
1572 1280 1766 1328 Latinis
1805 1279 1982 1328 litteris

291 1344 563 1393 mandandi
596 1360 627 1393 a
660 1345 1074 1406 vituperatoribus
1118 1344 1189 1392 sic
1229 1344 1466 1404 defendit,
1496 1355 1563 1405 ut,
1594 1345 1829 1407 quoniam
1874 1346 1982 1393 uni-

290 1425 462 1466 versae
488 1409 827 1471 philosophiae
853 1410 1283 1472 reprehensoribus
1310 1410 1364 1458 in
1392 1410 1663 1458 Hortensio
1689 1425 1981 1473 responsum

291 1476 370 1535 sit,
391 1486 562 1523 contra
589 1490 672 1524 eos
698 1484 880 1533 autem,
908 1475 991 1537 qui
1014 1474 1377 1537 philosophiam
1403 1490 1504 1524 non
1532 1490 1728 1537 prorsus
1756 1476 1975 1536 reiciant,

291 1542 378 1588 sed
406 1540 571 1589 minus
606 1540 757 1589 studii
784 1548 834 1588 et
860 1554 1038 1600 operae
1071 1540 1123 1587 in
1152 1555 1212 1588 ea
1238 1542 1522 1603 ponendum
1548 1549 1736 1603 putent,
1761 1556 1982 1603 pugnare

227 1663 230 1667 Δ
289 1605 375 1653 vix
410 1621 533 1668 opus
567 1607 648 1665 sit,
670 1620 754 1653 eos
788 1605 1012 1652 maxime
1046 1605 1253 1665 refellat,
1277 1606 1360 1668 qui
1388 1606 1583 1655 Graeca
1609 1607 1792 1668 scripta
1818 1607 1983 1666 legere

290 1670 484 1728 malint,
510 1672 689 1718 Latine
722 1684 960 1718 conversa
992 1669 1153 1717 nolint
1186 1669 1253 1731 (c.
1278 1671 1415 1730 1-3).
1491 1671 1557 1719 Se
1590 1685 1719 1731 ver-0,
1746 1672 1983 1733 quemad-

291 1736 495 1782 modum
521 1734 637 1782 olim
666 1735 736 1783 rei
763 1735 987 1796 publicae
1013 1749 1091 1781 res
1117 1734 1334 1794 gerendo
1360 1749 1459 1783 non
1484 1735 1707 1796 defuerit,
1732 1738 1804 1784 sic
1829 1751 1975 1797 nunc,

292 1799 532 1860 neglectis
572 1799 998 1859 obtrectat01·ibuS‚
1026 1799 1412 1859 elaboraturum,
1442 1809 1499 1848 ut
1532 1799 1663 1849 cives
1700 1801 1799 1850 sint
1832 1816 1982 1865 opera

293 1880 385 1913 sua
406 1865 666 1914 doctiores,
736 1864 844 1912 Nec
868 1864 1142 1927 quidquam
1170 1880 1290 1925 esse,
1315 1864 1447 1927 quod
1471 1866 1634 1927 potius
1661 1865 1875 1916 scribere
1897 1867 1982 1916 de-

293 1930 420 1988 beat,
451 1945 600 1993 quam
639 1929 777 1989 haec,
807 1929 860 1977 iu
903 1931 1079 1992 quibus
1122 1930 1428 1990 gravissima,
1456 1946 1584 1994 quae
1622 1931 1979 1996 philosophiam

291 1996 559 2055 contineat,
584 1996 806 2057 quaestio
839 1994 902 2043 de
935 2010 1131 2043 summo
1163 1996 1293 2043 bono
1328 2006 1655 2057 pertractetur
1681 1998 1743 2058 (c.
1767 1998 1834 2061 4).
1909 2000 1983 2047 Ut

291 2070 456 2109 autem
491 2076 523 2108 a
556 2060 805 2109 facillimis
840 2060 1076 2121 ordiatur,
1102 2061 1166 2109 ab
1196 2060 1415 2122 Epicuro
1449 2062 1646 2111 initium
1681 2063 1813 2122 facit,
1838 2064 1981 2113 cuius

291 2126 599 2189 disciplinam
632 2134 862 2174 accurate
892 2126 1146 2189 quondam
1176 2142 1207 2173 a
1233 2127 1293 2175 L.
1318 2127 1589 2189 Torquato,
1612 2144 1726 2176 cum
1754 2129 1813 2178 C.
1835 2130 1981 2178 Tria-

290 2192 392 2239 rius
427 2192 634 2252 adesset,
664 2192 796 2253 apud
830 2206 884 2240 se
917 2193 968 2239 in
1003 2192 1234 2241 Cumano
1271 2193 1551 2254 expositam
1589 2208 1696 2242 esse
1730 2204 1899 2242 narrat
1931 2204 1981 2244 et

290 2267 463 2307 contra
495 2273 605 2306 eam
634 2274 665 2305 a
691 2272 744 2305 se
770 2257 1073 2320 disputatum
1102 2256 1164 2319 (c.
1190 2256 1257 2319 5).
1329 2258 1462 2306 Nam
1492 2274 1608 2307 cum
1635 2260 1919 2322 Torquatus
1952 2275 1982 2308 e

293 2322 533 2372 Cicerone
565 2323 850 2385 quaesisset,
875 2336 1004 2385 quae
1037 2331 1167 2371 esset
1199 2338 1363 2384 causa,
1389 2339 1479 2371 cur
1513 2325 1675 2372 minus
1708 2325 1979 2386 Epicurum

290 2389 535 2450 probaret,
565 2388 741 2436 Cicero
781 2388 989 2438 breviter
1031 2403 1232 2436 omnem
1266 2389 1467 2450 Epicuri
1505 2390 1867 2451 philosophiam
1910 2391 1981 2439 sic

289 2455 544 2515 percurrit,
572 2463 625 2501 ut
651 2453 970 2514 demonstret,
994 2454 1114 2516 quid
1145 2453 1200 2502 in
1230 2453 1461 2517 physicis,
1491 2455 1775 2517 dialecticis,
1805 2456 1981 2504 ethicis

289 2520 397 2567 eius
421 2519 668 2568 desideret
687 2529 737 2567 ct
758 2519 1086 2580 reprehendat
1109 2517 1172 2580 (c.
1194 2521 1243 2578 6,
1264 2521 1328 2580 7).
1398 2520 1753 2570 Defensionem
1778 2521 1980 2584 Epicuri

289 2584 572 2647 Torquatus
595 2585 797 2647 suscipit
818 2594 886 2644 et,
906 2585 1079 2633 ceteris
1102 2584 1154 2632 in
1179 2585 1316 2633 aliud
1339 2593 1533 2648 tempus
1556 2586 1766 2646 reiectiS,
1786 2588 1893 2635 eius
1917 2586 1980 2635 de

291 2663 485 2697 summo
526 2651 656 2698 bono
698 2650 993 2698 sententiam
1033 2650 1251 2711 explicat
1290 2650 1356 2712 (c.
1387 2652 1454 2711 8).
1542 2651 1767 2714 Exponit
1807 2652 1975 2712 igitur,

290 2715 495 2776 Epicuri
521 2716 733 2763 formam
761 2715 970 2770 docendi
997 2730 1208 2777 sequens
1241 2724 1291 2764 et
1317 2730 1462 2778 saepe
1488 2717 1649 2764 verbis
1681 2717 1787 2765 eius
1814 2728 1976 2777 utenS,

289 2795 438 2828 omne
469 2780 656 2828 animal
683 2796 721 2828 a·
739 2781 900 2843 primo
933 2789 1043 2829 ortu
1077 2789 1257 2829 natura
1288 2775 1590 2843 v‘oluptatem
1620 2791 1865 2843 appetere,
1891 2781 1980 2830 do-

289 2844 444 2893 lorem
480 2861 721 2908 respuere,
748 2854 802 2893 ut
834 2854 1084 2908 appareat,
1108 2847 1244 2894 illam
1271 2861 1358 2908 per
1391 2862 1444 2895 se
1477 2846 1824 2908 expetendam,
1850 2846 1980 2895 hunc

289 2910 593 2959 reiciendum
628 2926 735 2959 esse
761 2911 823 2971 (c.
843 2914 910 2973 9).
984 2912 1082 2960 Sed
1117 2911 1189 2959 ita
1222 2912 1416 2973 probari
1450 2912 1770 2973 voluptatem,
1800 2912 1981 2973 impro-

291 2975 397 3023 bari
432 2975 670 3037 dolorem,
701 2985 755 3024 ut
788 2976 1006 3024 delectus
1038 2976 1297 3024 faciendus
1338 2978 1403 3024 sit
1434 2985 1486 3024 et
1525 2990 1671 3038 saepe
1704 2975 1980 3039 voluptates

289 3041 775 3102 praetermittendae,
808 3056 871 3089 ne
910 3043 1121 3090 maiores
1162 3041 1354 3089 dolores
1394 3049 1772 3104 consequantur,
1800 3051 1851 3092 et
1891 3043 1980 3090 do-

290 3105 418 3153 lores
441 3114 490 3154 et
513 3107 727 3168 pericula
750 3106 1002 3154 subeunda
1025 3107 1268 3154 maiorum
1292 3106 1596 3167 voluptatem
1619 3122 1769 3154 causa
1791 3105 1852 3169 (c.
1878 3107 1974 3167 10).

290 3170 616 3234 Voluptatem
640 3181 805 3221 autem
830 3173 892 3220 ab
916 3172 1132 3234 Epicuro
1156 3171 1373 3232 intellegi
1400 3186 1497 3220 nou
1525 3187 1639 3220 eam
1661 3172 1833 3232 solam,
1854 3185 1981 3235 quae
