2259 3467
856 123 993 171 L113.
1024 122 1150 184 111„
1179 122 1335 171 CAP.
1366 121 1454 184 v.,
1484 123 1579 172 vr.
1989 126 2053 172 89

364 222 456 280 bis
489 224 789 301 principiis
817 233 1052 282 naturae
1085 224 1466 296 discessimus,
1493 224 1701 301 quibus
1742 244 2052 300 congruere

365 303 594 376 debent,
621 312 1118 382 quaesequuntur.
1198 304 1469 382 Sequitur
1490 313 1683 362 autem
1706 304 1845 361 haec
1866 305 2054 382 prima

364 384 606 442 divisio:
643 383 1020 442 Aestimabile
1043 404 1163 442 csse
1186 385 1388 442 dicunt
1410 379 1517 458 (sic
1540 385 1713 454 enim,
1738 393 1803 442 ut
1826 385 2048 461 opinor,

363 462 741 542 appellemus)
779 465 855 533 id,
882 464 1037 541 quod
1071 471 1171 521 aut
1204 465 1392 540 ipsum
1430 464 1745 522 secundum
1788 474 2048 522 naturam

364 545 440 602 sit
467 551 567 601 aut
589 544 700 601 tale
723 545 862 621 quid
886 543 1108 615 efficiat,
1135 551 1200 601 ut
1229 543 1534 601 selectione
1557 545 1797 621 dignum
1823 553 2052 621 propte-

364 644 458 682 rea
500 625 591 694 sit,
630 625 786 701 quod
820 623 1055 701 aliquod
1088 623 1318 701 pondus
1360 624 1568 682 habeat
1603 624 1845 701 dignum
1888 626 2051 683 aesti-

363 704 634 775 matione,
661 723 830 780 quam
854 704 937 761 illi
959 704 1123 770 ἀξίαν
1145 711 1370 774 vocant,
1395 712 1707 781 contraque
1730 704 2051 762 inaestima-

363 784 492 856 bile,
519 784 674 861 quod
698 784 772 840 sit
793 784 1071 860 superiori
1093 784 1459 841 contrarium.
1546 783 1737 841 Initiis
1764 784 1943 861 igitur
1969 786 2051 842 ita

360 864 708 934 constitutiS,
733 870 799 920 ut
827 883 908 933 ea,
935 882 1079 941 quae
1108 863 1423 920 secundum
1453 870 1714 921 naturam
1751 871 1900 936 sunt,
1926 865 2051 942 ipsa

359 951 598 1021 propter
625 964 683 1001 se
713 943 990 1001 sumenda
1011 944 1127 1001 sint
1150 944 1545 1021 contrariaque
1575 944 1715 1001 item
1744 945 2045 1016 reicienda,

358 1024 613 1100 primum
642 1031 729 1082 est
757 1022 1006 1081 officium
1033 1019 1121 1098 (id
1144 1024 1294 1081 enim
1327 1023 1552 1101 appello
1582 1021 1870 1100 καθῆκον),
1897 1033 1961 1082 ut
1988 1045 2048 1083 se

358 1112 657 1162 conservet
703 1104 763 1160 in
813 1111 1049 1161 naturae
1098 1110 1270 1173 statu,
1303 1104 1573 1180 deinceps
1610 1112 1677 1162 ut
1721 1123 1788 1162 ea
1836 1112 2044 1177 teneat,

361 1202 505 1260 quae
554 1183 868 1242 secundum
913 1191 1177 1242 naturam
1227 1185 1359 1254 sint,
1393 1184 1679 1262 pellatque
1729 1185 2044 1257 contraria3

359 1282 486 1339 qua*
512 1263 746 1321 inventa
793 1263 1099 1321 selectione
1148 1270 1208 1321 et
1256 1264 1392 1321 item
1440 1265 1765 1336 reiectione,
1792 1265 2047 1341 sequitur

357 1342 629 1419 deinceps
673 1362 802 1400 cum
861 1342 1049 1401 officio
1096 1342 1344 1413 selecti0,
1377 1343 1585 1401 dcinde
1635 1364 1702 1402 ea
1749 1351 2041 1421 perpetua,

355 1428 482 1479 tum
512 1423 582 1480 ad
613 1429 931 1480 extremum
969 1429 1238 1480 constans
1267 1431 1761 1500 consentaneaque
1792 1431 2040 1495 naturae,

355 1501 413 1558 in
454 1521 566 1579 qua
597 1503 851 1579 primum
895 1504 1078 1560 inesse
1119 1502 1325 1579 incipit
1367 1510 1425 1560 et
1467 1502 1739 1579 intellegi,
1765 1504 1904 1580 quid
1950 1505 2040 1575 sit,

356 1581 510 1657 quod
548 1602 676 1639 vere
712 1582 924 1638 bonnm
961 1582 1147 1659 possit
1180 1583 1311 1640 dici.
1398 1588 1491 1640 21.
1529 1582 1726 1640 Prima
1759 1591 1847 1641 est
1888 1584 2039 1641 enim

355 1660 682 1718 conciliatio
711 1661 965 1719 hominis
993 1662 1066 1720 ad
1096 1681 1179 1733 ea,
1202 1681 1345 1739 quae
1375 1670 1509 1719 sunt
1538 1662 1848 1720 secundum
1882 1663 2042 1722 natu-

353 1758 511 1813 ram3
555 1741 937 1798 simulantem
969 1743 1123 1819 cepit
1152 1741 1601 1818 intellegentiam
1627 1742 1713 1799 vel
1743 1743 2042 1801 notionem

352 1821 756 1898 potiuS,q11an1
809 1821 1101 1898 appellant
1146 1818 1371 1878 ἔννοιαν
1419 1821 1518 1893 illi,
1545 1822 1802 1899 viditque
1852 1842 2040 1881 rerum

353 1901 701 1976 agendarum
753 1902 1015 1958 ordinem
1065 1909 1139 1973 et,
1172 1910 1238 1959 ut
1283 1902 1364 1959 ita
1411 1902 1617 1971 dicam,
1654 1902 2037 1975 concordiam,

351 1979 538 2037 multo
573 2000 695 2037 cam
740 1980 920 2057 pluris
962 1981 1287 2040 aestimavit
1322 2000 1493 2059 quam
1529 1982 1724 2056 omnia
1758 1982 1869 2053 illa,
1896 2001 2040 2059 quae

352 2060 539 2136 prima
561 2060 850 2132 dilexerat,
873 2068 1045 2139 atque
1068 2062 1151 2119 ita
1178 2062 1510 2138 cognitione
1540 2069 1598 2119 et
1625 2062 1847 2119 ratione
1875 2063 2042 2121 c‹*›lle-'

350 2140 457 2215 git,
481 2146 546 2197 ut
574 2147 863 2209 statueret,
889 2142 949 2198 in
980 2161 1048 2198 eo
1078 2142 1418 2200 collocatum
1451 2161 1739 2199 summum
1769 2142 1911 2199 illud
1942 2142 2041 2200 ho-

349 2219 525 2275 minis
572 2239 675 2297 per
729 2227 788 2277 se
838 2221 1187 2278 laudandum
1243 2229 1303 2280 et
1347 2222 1734 2298 expetendum
1781 2221 2037 2293 ⁴bonurn;

352 2299 509 2375 quod
539 2319 665 2356 curn
704 2301 958 2376 positum
995 2302 1070 2358 sit
1104 2301 1162 2357 in
1200 2322 1285 2371 ec,
1312 2302 1467 2379 quod
1496 2303 1807 2376 ὁμολογίαν
1837 2302 2035 2373 Stoici,

351 2397 457 2434 nos
497 2379 851 2456 appellemus
892 2381 1369 2452 convenientiam,
1395 2382 1442 2437 si
1482 2382 1898 2458 placet·,—cum
1936 2383 2039 2458 igi-

349 2464 446 2515 tur
485 2459 545 2515 in
590 2479 658 2516 eo
701 2460 776 2517 sit
818 2459 879 2517 id
912 2460 1148 2532 bonum,
1176 2480 1291 2538 quo
1325 2461 1520 2519 omnia
1553 2461 1851 2519 referenda
1884 2470 2035 2533 sunt,

347 2536 588 2596 honeste
636 2538 791 2596 facta
836 2539 1144 2617 ipsumque
1191 2540 1517 2611 honestum,
1543 2541 1699 2618 quod
1749 2540 1934 2598 solum
1977 2542 2036 2599 in

348 2616 520 2674 bonis
552 2618 797 2690 ducitur,
824 2638 1172 2697 quamquam
1215 2629 1348 2697 post
1391 2621 1587 2692 oritur,
1612 2627 1803 2678 tamen
1848 2620 1909 2678 id
1952 2641 2038 2692 so·

346 2695 470 2753 lum
505 2697 562 2755 vi
596 2718 698 2756 sua
731 2707 791 2756 et
824 2700 1107 2776 dignitate
1151 2701 1533 2777 expetendum
1572 2708 1674 2772 est,
1701 2719 1896 2757 eorum
1942 2698 2038 2757 ‘au-

346 2781 485 2848 tem,
511 2796 656 2854 quae
699 2787 833 2837 sunt
876 2780 1064 2856 prima
1106 2788 1358 2849 naturae,
1383 2787 1620 2856 propter
1660 2800 1719 2837 se
1762 2779 1905 2836 nibil
1949 2787 2035 2837 est

345 2857 752 2931 expet-endum.
839 2865 931 2916 22.
970 2858 1116 2916 Cum
1167 2879 1301 2917 vero
1347 2860 1460 2930 illa,
1487 2878 1630 2936 quae
1679 2858 1866 2916 officia
1914 2878 2035 2917 esse

346 2934 485 3006 dixi,
510 2936 942 3013 proficiscantur
974 2938 1046 2995 ab
1082 2939 1264 2995 initiis
1304 2945 1556 3007 naturae,
1581 2957 1807 2995 necesse
1841 2947 1928 2996 est
1969 2958 2036 2996 ea

344 3013 420 3070 ad
449 3014 588 3091 haec
617 3016 831 3086 referri,
856 3024 922 3074 ut
955 3025 1106 3074 recte
1141 3018 1255 3074 dici
1291 3017 1490 3093 possit,
1516 3018 1712 3080 omnia
1745 3015 1931 3075 officia
1964 3037 2033 3075 eo

343 3093 562 3165 referri,
588 3103 653 3151 ut
686 3095 1069 3172 adipiscamur
1101 3097 1386 3172 principia
1418 3103 1669 3167 naturae,
1701 3114 1805 3153 nec
1837 3104 2028 3153 tamen

342 3178 413 3229 ut
456 3172 566 3231 hoc
611 3175 687 3233 sit
729 3175 1010 3260 bonorum
1059 3175 1346 3252 ultimum,
1369 3183 1671 3252 propterea
1714 3174 1870 3251 quod
1914 3193 2031 3231 non
2057 3195 2255 3411 Δ
