2259 3467
741 107 879 155 LIB.
910 107 1000 168 V.,
1029 106 1186 160 CAP,
1215 105 1607 154 XXX.—XXII.
1932 107 2027 153 185

339 207 440 267 des
482 208 797 286 Epicureus
837 208 1243 287 perfamiliaris
1283 213 1341 265 et
1382 207 1564 265 tristis
1607 205 1802 276 exiret,
1839 204 2025 280 Mane,

340 309 568 367 quaeso,
616 289 824 366 inquit,
861 288 1171 345 Charmide
1220 294 1450 359 noster3
1508 285 1652 343 nihil
1706 284 1863 343 illinc
1916 287 2028 347 huc

339 370 615 447 pervenit.
701 368 972 427 Ostendit
1000 368 1176 446 pedes
1204 376 1262 425 et
1290 374 1508 445 pectuS.
1587 366 1676 423 Ac
1709 373 1901 425 tamen
1933 369 2027 428 hic

340 449 535 506 mallet
563 468 678 505 non
710 449 916 506 dolere.

418 528 679 586 XXXII.
767 534 859 586 95.
898 529 1058 586 Haec
1100 527 1280 604 igitur
1325 534 1411 585 cst
1452 535 1648 588 nostra
1687 532 1850 604 ratic,
1884 551 2027 610 quae

339 609 449 667 tibi
482 609 708 666 videtur
748 609 1094 679 inconstans,
1127 627 1259 665 cum
1308 616 1542 686 propter
1587 613 1814 671 virtutis
1856 612 2029 670 caele-

340 699 487 747 stem
518 689 803 766 quandam
840 696 898 746 et
933 688 1189 745 divinam
1229 696 1564 768 tantamque
1599 693 2024 770 praestantiam,

340 779 422 841 ut,
454 768 553 826 ubi
590 770 767 825 virtus
801 769 876 825 sit
911 788 1111 846 resque
1148 788 1390 845 magnae
1426 781 1484 829 et
1517 793 1739 831 summe
1777 773 2028 831 laudabi-

339 851 421 908 les
457 851 666 907 virtute
700 857 909 925 gestae,
943 848 1049 906 ibi·
1071 870 1191 908 esse
1236 851 1465 910 miseria
1506 861 1565 911 et
1606 874 1876 911 aerumna
1909 873 2024 910 non

341 931 538 1008 possit,
564 938 755 987 tamen
786 929 946 986 labor
976 932 1175 1009 possit,
1203 934 1387 1011 possit
1414 933 1695 1006 molestia,
1719 954 1833 992 non
1867 933 2029 991 dubi-
2072 969 2076 973 ·

341 1020 457 1069 tem
487 1010 692 1079 dicere,
719 1029 918 1068 omnes
956 1013 1241 1089 sapientes
1278 1034 1502 1091 semper
1533 1035 1654 1082 esse
1687 1014 1902 1085 beatos,
1928 1014 2027 1071 sed
2097 1073 2100 1075 ,

341 1101 533 1151 tamen
568 1090 690 1147 fieri
731 1113 918 1170 posse,
951 1103 1018 1150 ut
1060 1095 1136 1151 sit
1179 1095 1324 1152 alius
1366 1095 1479 1153 alio
1521 1094 1757 1154 beatior.
1842 1094 2026 1172 Atqui

341 1174 449 1231 iste
489 1174 650 1231 locus
692 1181 795 1245 est,
827 1173 984 1246 Piso,
1021 1174 1128 1232 tibi
1173 1176 1345 1233 etiam
1392 1182 1564 1253 atque
1606 1176 1779 1233 etiam
1829 1175 2029 1233 confir-

292 1299 299 1310 .
341 1256 601 1328 manduS,
623 1256 855 1334 inquam
879 1273 894 1327 3
933 1276 1103 1335 quem
1135 1257 1184 1314 si
1208 1256 1472 1327 tenueriS,
1495 1275 1609 1312 non
1635 1255 1810 1313 modo
1832 1275 2026 1313 meum

342 1338 695 1407 Ciceronem,
741 1336 843 1394 scd
893 1338 1068 1395 etiam
1119 1357 1212 1395 me
1269 1337 1457 1412 ipsum
1518 1335 1767 1393 abducas
1817 1335 2025 1393 licebit.

344 1424 438 1477 96.
482 1417 631 1475 Tum
675 1417 960 1487 Quintus:
1006 1417 1152 1474 Mihi
1205 1417 1456 1495 quidem,
1493 1416 1699 1493 inquit,
1732 1417 1869 1473 satis
1920 1416 2029 1472 hoc

344 1499 743 1557 confirmatum
788 1498 1029 1569 videtur,
1069 1498 1361 1573 laetorque
1411 1516 1536 1554 eam
1579 1496 2027 1574 philosophiam,

345 1580 506 1637 cuius
554 1586 723 1636 antea
765 1578 1174 1655 supellectilem
1220 1576 1398 1655 pluris
1440 1575 1813 1634 aestimabam
1858 1596 2028 1654 quam

344 1659 731 1737 possessiones
761 1659 1105 1735 reliquarum
1138 1655 1247 1734 (it-a
1276 1658 1421 1715 mihi
1444 1657 1603 1715 dives
1627 1657 1939 1728 videbatur,
1968 1664 2031 1714 ut
2053 1722 2070 1730 -

346 1740 417 1797 ab
447 1760 513 1797 ea
540 1747 734 1816 petere
763 1759 1009 1816 possem,
1032 1738 1316 1817 quidquid
1338 1738 1395 1795 in
1428 1737 1634 1795 studiis
1662 1738 1873 1794 nostris
1901 1757 2031 1794 con-

347 1817 676 1897 cupisscm),
701 1818 851 1876 hanc
879 1820 1056 1897 igitur
1085 1819 1267 1877 laetor
1296 1819 1468 1876 etiam
1507 1819 1817 1875 acutiorem
1849 1837 2033 1894 reper-

348 1908 462 1957 tam
502 1919 674 1977 quam
709 1907 939 1970 ceteraS‚
973 1900 1129 1977 quod
1167 1899 1399 1977 quidam
1436 1899 1488 1957 ei
1520 1898 1716 1956 deesse
1745 1898 2027 1955 dicebant.

349 1980 481 2038 Non
527 1998 698 2056 quam
743 1987 996 2036 nostram
1042 1980 1294 2057 quidem,
1326 1979 1516 2056 inquit
1552 1979 1912 2057 Pomponius
1954 1979 2034 2036 io·

348 2077 515 2130 cans3
560 2058 661 2116 sed
694 2059 1016 2117 mehercule
1059 2067 1324 2137 pergrata
1357 2060 1499 2117 mihi
1528 2060 1663 2135 fuit
1697 2060 1881 2117 oratio
1914 2066 2029 2117 tua.

349 2140 507 2209 Quae
537 2140 688 2196 enim
715 2139 827 2196 dici
852 2138 1054 2198 Latine
1084 2159 1251 2217 posse
1281 2159 1396 2197 non
1429 2140 1759 2213 arbitrabar,
1786 2160 1852 2197 ea
1880 2140 2035 2197 dicta

350 2230 482 2278 sunt
510 2239 545 2276 a
571 2226 646 2289 te,
678 2238 782 2276 nec
812 2219 839 2293 †
869 2220 1061 2277 minus
1089 2219 1275 2297 plane,
1302 2239 1472 2297 quam
1505 2221 1777 2280 dicuntur
1804 2242 1837 2278 a
1865 2220 2035 2278 Grae-

349 2302 446 2372 cis,
486 2299 671 2357 verbis
720 2300 887 2375 aptis.
971 2300 1088 2358 Sed
1141 2307 1372 2376 tempus
1421 2309 1526 2368 est,
1563 2303 1610 2359 si
1662 2303 1919 2374 videtum
1976 2308 2035 2359 et

348 2388 504 2438 recta
551 2376 784 2456 quidem
833 2379 907 2436 ad
954 2400 1066 2439 me.
1152 2379 1322 2448 Quod
1364 2400 1494 2437 cum
1547 2382 1642 2439 ille
1693 2383 1932 2440 dixisset
1976 2389 2036 2440 et

350 2460 487 2517 satis
520 2458 879 2535 disput-atum
915 2460 1219 2533 videretur,
1249 2459 1307 2516 in
1354 2460 1635 2537 oppidum
1676 2462 1750 2520 ad
1782 2462 2035 2541 Pompo-

350 2559 508 2598 mum
541 2557 893 2615 perreximus
922 2559 1141 2599 omnes·
