2259 3467
247 88 344 137 168
407 86 507 136 DE
539 86 832 138 FINIBUS
862 86 1222 141 BONORUM
1254 88 1349 137 ET
1378 86 1759 138 MALORUM.

249 188 404 247 enim
443 207 780 265 quaeramus
821 207 855 247 a
894 188 1079 260 nobiS,
1111 188 1402 246 stellarum
1443 195 1638 246 motus
1678 195 1933 247 contem-

248 268 644 347 plationesque
686 287 875 326 rerum
917 268 1248 326 caelestium
1291 287 1605 346 eorumque
1647 271 1929 342 omnium,

250 367 394 427 quae
448 356 685 406 naturae
739 347 1086 406 obscuritate
1142 347 1516 418 occultantur,
1567 349 1932 425 cognitiones

250 428 735 507 quemadmodum
769 447 877 486 nos
909 434 1195 500 moveant,
1220 435 1279 485 et
1308 427 1448 505 quid
1479 427 1717 487 historia
1750 428 1932 488 delec-
2018 427 2025 433 ’

247 516 349 580 tet,
388 527 557 586 quam
608 509 857 566 solemus
904 509 1168 585 persequi
1219 517 1398 585 usque
1448 507 1523 566 ad
1569 516 1928 582 extremum

247 589 645 666 praetermissa
665 587 994 665 repetimus,
1019 587 1292 647 inchoata
1310 587 1721 665 persequimur.
1806 589 1929 648 Nec

248 688 381 726 vero
431 688 558 725 sum
608 669 850 740 nesciuS,
884 687 1007 727 esse
1057 668 1366 726 utilitatem
1415 668 1477 726 in
1523 668 1778 741 historia,
1809 688 1926 727 non

246 748 423 807 modo
452 748 825 826 voluptatem.
910 746 1082 819 Quid,
1113 767 1246 806 cum
1281 747 1444 806 fictas
1476 746 1716 819 fabulas,
1740 769 1773 807 e
1807 749 1929 827 qui-

246 828 355 886 bus
404 829 623 887 utilitas
664 827 820 886 nulla
866 827 994 886 elici
1037 835 1246 905 potest,
1284 847 1415 887 cum
1457 827 1753 906 voluptate
1792 828 1930 906 legi-

247 910 412 968 mus?
496 916 587 967 52.
625 908 797 981 Quid,
829 928 958 967 cum
995 908 1260 966 volumus
1301 908 1539 966 nomina
1579 927 1795 980 eorum,
1826 909 1929 987 qui

248 989 389 1067 quid
435 990 731 1067 gesserint,
766 996 908 1047 nota
953 988 1122 1047 nobis
1170 1008 1307 1060 esse,
1343 995 1625 1066 parentes,
1661 990 1926 1066 patriam,

249 1070 430 1128 multa
476 1077 766 1147 praeterea
820 1069 1059 1127 minime
1117 1069 1467 1127 necessaria?
1548 1068 1720 1138 Quid,
1769 1069 1930 1147 quod
1989 1128 1993 1131 ,

245 1148 511 1207 homines
550 1150 749 1207 infima
789 1150 1039 1220 fortuna,
1074 1148 1231 1206 nulla
1277 1165 1379 1226 spe
1427 1168 1614 1207 rerum
1656 1150 1930 1225 gerenda-

246 1248 390 1301 rum,
416 1229 650 1306 opifiees
678 1229 926 1307 denique
955 1228 1313 1287 delectantur
1339 1229 1616 1288 historia?
1656 1230 1930 1288 maxime·

247 1329 357 1387 que
386 1330 485 1367 eos
512 1309 705 1368 videre
738 1328 1166 1386 possumusres
1197 1316 1388 1386 gestas
1419 1310 1615 1368 audire
1648 1317 1708 1368 et
1739 1309 1928 1387 legere

245 1390 405 1462 velle,
437 1390 538 1469 qui
577 1409 612 1448 a
652 1409 753 1465 spe
793 1389 1032 1465 gerendi
1072 1389 1283 1448 absunt
1323 1390 1575 1449 confecti
1615 1398 1924 1450 senectute.

246 1470 526 1539 Quocirca
564 1469 821 1547 intellegi
862 1489 1090 1528 necesse
1131 1477 1236 1542 est,
1272 1470 1334 1528 in
1375 1470 1518 1546 ipsis
1557 1470 1743 1543 rebus,
1780 1490 1928 1549 quae

245 1552 543 1609 discuntur
583 1558 643 1609 et
679 1558 1122 1627 cognoscuntur,
1153 1550 1533 1609 invitamenta
1571 1551 1773 1622 inesse,
1804 1551 1929 1629 qui-

244 1631 354 1689 bus
408 1632 483 1690 ad
538 1631 875 1690 discendum
937 1630 1515 1708 cognoscendumque
1574 1650 1925 1690 moveamur.

248 1718 340 1770 53.
371 1712 462 1770 Ac
488 1718 706 1770 veteres
735 1711 967 1789 quidem
997 1710 1331 1789 philosophi
1359 1711 1420 1768 in
1449 1710 1746 1770 beatorum
1774 1712 1929 1771 insu-

244 1792 315 1850 lis
362 1791 592 1870 fingunt
633 1792 816 1870 qualis
863 1791 1060 1849 futura
1106 1791 1183 1849 sit
1223 1792 1341 1849 vita
1380 1791 1743 1868 sapientium,
1780 1811 1929 1871 quos

245 1892 380 1930 cura
421 1874 582 1931 omni
621 1874 906 1944 liberatOS,
937 1871 1158 1930 nullum
1201 1872 1581 1930 necessarium
1618 1873 1770 1931 vitae
1810 1872 1930 1932 cul-

243 1960 370 2011 tum
402 1961 502 2011 aut
528 1961 791 2031 paratum
820 1954 1190 2031 requirentes,
1212 1952 1359 2010 nihil
1386 1952 1542 2011 aliud
1570 1960 1798 2011 acturos
1823 1972 1928 2030 pu-

243 2040 388 2104 tant,
418 2034 532 2090 nisi
572 2041 638 2092 ut
680 2052 852 2091 omne
884 2030 1499 2110 tempus'inquirendo
1541 2053 1607 2091 ac
1647 2033 1927 2092 discendo

244 2114 306 2172 in
348 2120 583 2171 naturae
616 2113 949 2189 cognitione
982 2120 1338 2172 consumant.
1423 2113 1548 2172 Nos
1579 2121 1769 2172 autem
1804 2132 1925 2172 non

245 2193 429 2251 solum
453 2192 653 2251 beatae
670 2194 820 2251 vitae
840 2193 1009 2251 istam
1033 2213 1157 2252 esse
1179 2193 1621 2252 oblectationem
1644 2193 1924 2267 videmus,

245 2274 347 2332 sed
401 2274 576 2332 etiam
621 2274 1005 2332 levamentum
1051 2274 1442 2346 miseriarum3
1498 2274 1692 2352 itaque
1732 2274 1923 2347 multi,

244 2374 377 2414 cum
418 2355 477 2412 iu
520 2361 806 2432 potestate
846 2361 1034 2436 essent
1075 2353 1334 2418 hostium
1383 2362 1485 2413 aut
1527 2363 1922 2432 tyrannorum,

243 2434 415 2494 multi
446 2435 509 2493 in
536 2435 813 2508 custodia,
833 2435 1002 2493 multi
1029 2434 1091 2492 iu
1120 2434 1294 2493 exilio
1315 2434 1573 2494 dolorem
1603 2454 1767 2493 suum
1790 2435 1927 2494 doc-

243 2517 427 2574 trinae
456 2516 662 2574 studiis
689 2515 963 2574 levarunt.
1042 2519 1135 2572 54.
1173 2515 1450 2593 Princeps
1476 2514 1648 2573 huius
1674 2515 1925 2573 civitatis

244 2595 555 2655 Phalereus
574 2597 922 2668 Demetrius,
941 2614 1072 2653 eum
1095 2595 1283 2673 patria
1303 2595 1500 2671 pulsus
1520 2602 1668 2654 esset
1694 2595 1922 2669 iniuria,

243 2676 318 2734 ad
366 2675 763 2734 Ptolemaeum
819 2695 879 2734 se
932 2694 1125 2751 regem
1184 2675 1602 2734 Alexandream
1658 2676 1921 2735 contulit.

244 2754 358 2823 Qui
385 2775 516 2814 cum
545 2756 605 2812 in
634 2755 741 2814 hac
770 2757 895 2832 ipsa
921 2754 1305 2833 philosophia,
1329 2755 1405 2813 ad
1437 2775 1607 2834 quam
1641 2763 1702 2815 te
1734 2755 1927 2815 horta·

241 2853 387 2906 mur,
419 2835 717 2893 excelleret
748 2835 1245 2912 Theophrastique
1284 2844 1432 2894 esset
1464 2837 1710 2908 auditor,
1739 2836 1927 2895 multa

242 2913 528 2988 praeclara
546 2915 606 2970 in
635 2914 734 2971 illo
757 2915 1088 2973 calamitoso
1112 2916 1234 2973 otio
1263 2916 1491 2993 scripsit
1510 2936 1631 2974 non
1659 2916 1732 2974 ad
1753 2937 1924 2975 usum

242 2991 490 3066 aliquem
533 3012 716 3065 suum,
743 3012 857 3071 quo
900 3000 1020 3051 erat
1061 2993 1328 3065 orbatus3
1373 2996 1474 3054 sed
1514 2997 1694 3055 animi
1735 2998 1927 3056 cultus

240 3069 334 3124 ille
372 3076 492 3126 erat
525 3071 579 3128 ei
613 3074 774 3147 quasi
809 3074 1044 3150 quidam
1076 3073 1454 3133 humanitatis
1487 3076 1664 3136 cibus,
1748 3078 1927 3156 Equi-

241 3145 373 3203 dem
403 3165 434 3203 e
462 3147 566 3207 Cn.
593 3149 845 3224 Aufidio,
869 3153 1175 3228 praetoriO,
1202 3154 1428 3215 erudito
1462 3156 1714 3231 homine,
1742 3159 1927 3218 oculis
