<?xml version="1.0" encoding="UTF-8"?>
<!DOCTYPE html PUBLIC "-//W3C//DTD XHTML 1.0 Transitional//EN"
    "http://www.w3.org/TR/xhtml1/DTD/xhtml1-transitional.dtd">
<html xmlns="http://www.w3.org/1999/xhtml" xml:lang="en" lang="en">
 <head>
  <title>
</title>
<meta http-equiv="Content-Type" content="text/html;charset=utf-8" />
  <meta name='ocr-system' content='tesseract 3.04.00' />
  <meta name='ocr-capabilities' content='ocr_page ocr_carea ocr_par ocr_line ocrx_word'/>
</head>
<body>
  <div class='ocr_page' id='page_1' title='image "./definibusbonoru05cicegoog_0083.png"; bbox 0 0 2259 3467; ppageno 0'>
   <div class='ocr_carea' id='block_1_1' title="bbox 653 101 1993 165">
    <p class='ocr_par' dir='ltr' id='par_1_1' title="bbox 653 101 1993 165">
     <span class='ocr_line' id='line_1_1' title="bbox 653 101 1993 165; baseline -0.001 -13"><span class='ocrx_word' id='word_1_1' title='bbox 653 102 792 153; x_wconf 86' lang='lat' dir='ltr'>LIB.</span> <span class='ocrx_word' id='word_1_2' title='bbox 820 101 916 165; x_wconf 93' lang='lat'>11.,</span> <span class='ocrx_word' id='word_1_3' title='bbox 944 101 1103 153; x_wconf 83' lang='lat' dir='ltr'>CAP.</span> <span class='ocrx_word' id='word_1_4' title='bbox 1132 102 1636 152; x_wconf 88' lang='lat' dir='ltr'>XXXI.-XXXIII.</span> <span class='ocrx_word' id='word_1_5' title='bbox 1930 103 1993 153; x_wconf 83' lang='lat'>73</span> 
     </span>
    </p>
   </div>
   <div class='ocr_carea' id='block_1_2' title="bbox 307 201 2007 1874">
    <p class='ocr_par' dir='ltr' id='par_1_2' title="bbox 307 201 2007 1874">
     <span class='ocr_line' id='line_1_2' title="bbox 308 201 1996 281; baseline -0.001 -20"><span class='ocrx_word' id='word_1_6' title='bbox 308 202 425 261; x_wconf 88' lang='lat' dir='ltr'>Sed</span> <span class='ocrx_word' id='word_1_7' title='bbox 456 202 532 260; x_wconf 89' lang='lat' dir='ltr'>ad</span> <span class='ocrx_word' id='word_1_8' title='bbox 565 201 717 261; x_wconf 90' lang='lat' dir='ltr'>bona</span> <span class='ocrx_word' id='word_1_9' title='bbox 747 203 1055 281; x_wconf 88' lang='lat' dir='ltr'>praeterita</span> <span class='ocrx_word' id='word_1_10' title='bbox 1089 203 1406 262; x_wconf 76' lang='lat' dir='ltr'>redeamus,</span> <span class='ocrx_word' id='word_1_11' title='bbox 1490 202 1649 271; x_wconf 80' lang='lat' dir='ltr'>Quae</span> <span class='ocrx_word' id='word_1_12' title='bbox 1683 211 1732 260; x_wconf 80' lang='lat' dir='ltr'>si</span> <span class='ocrx_word' id='word_1_13' title='bbox 1766 222 1800 259; x_wconf 90' lang='lat' dir='ltr'>a</span> <span class='ocrx_word' id='word_1_14' title='bbox 1831 201 1996 260; x_wconf 85' lang='lat' dir='ltr'>vobis</span> 
     </span>
     <span class='ocr_line' id='line_1_3' title="bbox 307 282 1997 360; baseline -0.001 -19"><span class='ocrx_word' id='word_1_15' title='bbox 307 282 448 341; x_wconf 87' lang='lat' dir='ltr'>talia</span> <span class='ocrx_word' id='word_1_16' title='bbox 489 282 829 356; x_wconf 81' lang='lat' dir='ltr'>dicerentur,</span> <span class='ocrx_word' id='word_1_17' title='bbox 861 283 1125 360; x_wconf 84' lang='lat' dir='ltr'>qualibus</span> <span class='ocrx_word' id='word_1_18' title='bbox 1166 282 1231 341; x_wconf 84' lang='lat' dir='ltr'>C.</span> <span class='ocrx_word' id='word_1_19' title='bbox 1264 282 1479 339; x_wconf 89' lang='lat' dir='ltr'>Marius</span> <span class='ocrx_word' id='word_1_20' title='bbox 1527 283 1612 339; x_wconf 90' lang='lat' dir='ltr'>uti</span> <span class='ocrx_word' id='word_1_21' title='bbox 1655 289 1898 360; x_wconf 89' lang='lat' dir='ltr'>poterat,</span> <span class='ocrx_word' id='word_1_22' title='bbox 1929 289 1997 340; x_wconf 88' lang='lat' dir='ltr'>ut</span> 
     </span>
     <span class='ocr_line' id='line_1_4' title="bbox 308 362 1997 439; baseline -0.001 -19"><span class='ocrx_word' id='word_1_23' title='bbox 308 362 594 439; x_wconf 78' lang='lat' dir='ltr'>expulsuS,</span> <span class='ocrx_word' id='word_1_24' title='bbox 625 379 816 439; x_wconf 77' lang='lat' dir='ltr'>egene,</span> <span class='ocrx_word' id='word_1_25' title='bbox 846 363 908 419; x_wconf 89' lang='lat' dir='ltr'>in</span> <span class='ocrx_word' id='word_1_26' title='bbox 946 362 1154 439; x_wconf 89' lang='lat' dir='ltr'>palude</span> <span class='ocrx_word' id='word_1_27' title='bbox 1188 363 1481 420; x_wconf 87' lang='lat' dir='ltr'>demersus</span> <span class='ocrx_word' id='word_1_28' title='bbox 1513 369 1881 439; x_wconf 83' lang='lat' dir='ltr'>tropaeorum</span> <span class='ocrx_word' id='word_1_29' title='bbox 1915 382 1997 420; x_wconf 88' lang='lat' dir='ltr'>re-</span> 
     </span>
     <span class='ocr_line' id='line_1_5' title="bbox 308 441 1996 535; baseline 0 -35"><span class='ocrx_word' id='word_1_30' title='bbox 308 442 641 501; x_wconf 80' lang='lat' dir='ltr'>cordatione</span> <span class='ocrx_word' id='word_1_31' title='bbox 678 442 892 500; x_wconf 88' lang='lat' dir='ltr'>levaret</span> <span class='ocrx_word' id='word_1_32' title='bbox 924 442 1182 501; x_wconf 89' lang='lat' dir='ltr'>dolorem</span> <span class='ocrx_word' id='word_1_33' title='bbox 1224 461 1410 513; x_wconf 90' lang='lat' dir='ltr'>suum,</span> <span class='ocrx_word' id='word_1_34' title='bbox 1440 442 1697 500; x_wconf 85' lang='lat' dir='ltr'>audirem</span> <span class='ocrx_word' id='word_1_35' title='bbox 1730 449 1791 500; x_wconf 91' lang='lat' dir='ltr'>et</span> <span class='ocrx_word' id='word_1_36' title='bbox 1828 441 1996 535; x_wconf 87' lang='lat' dir='ltr'>plane</span> 
     </span>
     <span class='ocr_line' id='line_1_6' title="bbox 309 521 1997 599; baseline 0 -20"><span class='ocrx_word' id='word_1_37' title='bbox 309 521 630 598; x_wconf 85' lang='lat' dir='ltr'>probarem.</span> <span class='ocrx_word' id='word_1_38' title='bbox 726 522 850 580; x_wconf 89' lang='lat' dir='ltr'>Nec</span> <span class='ocrx_word' id='word_1_39' title='bbox 890 523 1045 580; x_wconf 91' lang='lat' dir='ltr'>enim</span> <span class='ocrx_word' id='word_1_40' title='bbox 1086 521 1307 580; x_wconf 89' lang='lat' dir='ltr'>absolvi</span> <span class='ocrx_word' id='word_1_41' title='bbox 1348 521 1517 580; x_wconf 87' lang='lat' dir='ltr'>beata</span> <span class='ocrx_word' id='word_1_42' title='bbox 1555 522 1676 579; x_wconf 87' lang='lat' dir='ltr'>vita</span> <span class='ocrx_word' id='word_1_43' title='bbox 1723 522 1997 599; x_wconf 88' lang='lat' dir='ltr'>sapientis</span> 
     </span>
     <span class='ocr_line' id='line_1_7' title="bbox 310 601 1997 680; baseline -0.002 -17"><span class='ocrx_word' id='word_1_44' title='bbox 310 620 497 679; x_wconf 88' lang='lat' dir='ltr'>neque</span> <span class='ocrx_word' id='word_1_45' title='bbox 537 601 610 659; x_wconf 90' lang='lat' dir='ltr'>ad</span> <span class='ocrx_word' id='word_1_46' title='bbox 645 602 863 660; x_wconf 86' lang='lat' dir='ltr'>exitum</span> <span class='ocrx_word' id='word_1_47' title='bbox 905 601 1141 679; x_wconf 87' lang='lat' dir='ltr'>perduci</span> <span class='ocrx_word' id='word_1_48' title='bbox 1174 601 1406 680; x_wconf 85' lang='lat' dir='ltr'>poterit,</span> <span class='ocrx_word' id='word_1_49' title='bbox 1436 601 1484 659; x_wconf 90' lang='lat' dir='ltr'>si</span> <span class='ocrx_word' id='word_1_50' title='bbox 1508 602 1707 679; x_wconf 80' lang='lat' dir='ltr'>prima</span> <span class='ocrx_word' id='word_1_51' title='bbox 1738 620 1997 679; x_wconf 88' lang='lat' dir='ltr'>quaeque</span> 
     </span>
     <span class='ocr_line' id='line_1_8' title="bbox 310 681 1999 759; baseline 0.001 -21"><span class='ocrx_word' id='word_1_52' title='bbox 310 681 458 739; x_wconf 89' lang='lat' dir='ltr'>bene</span> <span class='ocrx_word' id='word_1_53' title='bbox 490 681 563 739; x_wconf 88' lang='lat' dir='ltr'>ab</span> <span class='ocrx_word' id='word_1_54' title='bbox 591 700 660 740; x_wconf 90' lang='lat' dir='ltr'>eo</span> <span class='ocrx_word' id='word_1_55' title='bbox 694 681 956 740; x_wconf 88' lang='lat' dir='ltr'>consulta</span> <span class='ocrx_word' id='word_1_56' title='bbox 987 688 1160 759; x_wconf 88' lang='lat' dir='ltr'>atque</span> <span class='ocrx_word' id='word_1_57' title='bbox 1189 681 1386 739; x_wconf 88' lang='lat' dir='ltr'>facta</span> <span class='ocrx_word' id='word_1_58' title='bbox 1370 681 1551 758; x_wconf 79' lang='lat' dir='ltr'>ipsius</span> <span class='ocrx_word' id='word_1_59' title='bbox 1584 681 1872 740; x_wconf 87' lang='lat' dir='ltr'>oblivione</span> <span class='ocrx_word' id='word_1_60' title='bbox 1899 682 1999 739; x_wconf 82' lang='lat' dir='ltr'>ob-&#39;</span> 
     </span>
     <span class='ocr_line' id='line_1_9' title="bbox 310 759 1997 839; baseline 0 -21"><span class='ocrx_word' id='word_1_61' title='bbox 310 767 563 819; x_wconf 89' lang='lat' dir='ltr'>ruentur.</span> <span class='ocrx_word' id='word_1_62' title='bbox 651 766 783 819; x_wconf 87' lang='grc'><strong>106.</strong></span> <span class='ocrx_word' id='word_1_63' title='bbox 828 759 944 819; x_wconf 88' lang='lat' dir='ltr'>Sed</span> <span class='ocrx_word' id='word_1_64' title='bbox 985 760 1149 819; x_wconf 90' lang='lat' dir='ltr'>vobis</span> <span class='ocrx_word' id='word_1_65' title='bbox 1191 761 1549 839; x_wconf 90' lang='lat' dir='ltr'>voluptatum</span> <span class='ocrx_word' id='word_1_66' title='bbox 1600 768 1997 839; x_wconf 86' lang='lat' dir='ltr'>perceptarum</span> 
     </span>
     <span class='ocr_line' id='line_1_10' title="bbox 311 840 1999 919; baseline 0 -20"><span class='ocrx_word' id='word_1_67' title='bbox 311 840 632 899; x_wconf 83' lang='lat' dir='ltr'>recordatio</span> <span class='ocrx_word' id='word_1_68' title='bbox 680 840 857 899; x_wconf 87' lang='lat' dir='ltr'>vitam</span> <span class='ocrx_word' id='word_1_69' title='bbox 908 840 1135 900; x_wconf 81' lang='lat' dir='ltr'>beatam</span> <span class='ocrx_word' id='word_1_70' title='bbox 1178 841 1338 911; x_wconf 84' lang='lat' dir='ltr'>facit,</span> <span class='ocrx_word' id='word_1_71' title='bbox 1378 846 1438 899; x_wconf 87' lang='lat' dir='ltr'>et</span> <span class='ocrx_word' id='word_1_72' title='bbox 1478 841 1708 918; x_wconf 86' lang='lat' dir='ltr'>quidem</span> <span class='ocrx_word' id='word_1_73' title='bbox 1759 860 1999 919; x_wconf 91' lang='lat' dir='ltr'>corpore</span> 
     </span>
     <span class='ocr_line' id='line_1_11' title="bbox 313 920 1998 999; baseline -0.001 -21"><span class='ocrx_word' id='word_1_74' title='bbox 313 928 727 998; x_wconf 89' lang='lat' dir='ltr'>perceptarum.</span> <span class='ocrx_word' id='word_1_75' title='bbox 811 921 960 978; x_wconf 90' lang='lat' dir='ltr'>Nam</span> <span class='ocrx_word' id='word_1_76' title='bbox 1005 921 1055 979; x_wconf 86' lang='lat' dir='ltr'>si</span> <span class='ocrx_word' id='word_1_77' title='bbox 1093 940 1240 999; x_wconf 90' lang='lat' dir='ltr'>quae</span> <span class='ocrx_word' id='word_1_78' title='bbox 1280 928 1415 979; x_wconf 87' lang='lat' dir='ltr'>sunt</span> <span class='ocrx_word' id='word_1_79' title='bbox 1456 920 1615 992; x_wconf 85' lang='lat' dir='ltr'>aliae,</span> <span class='ocrx_word' id='word_1_80' title='bbox 1644 920 1856 978; x_wconf 90' lang='lat' dir='ltr'>falsum</span> <span class='ocrx_word' id='word_1_81' title='bbox 1893 928 1998 992; x_wconf 87' lang='lat' dir='ltr'>est,</span> 
     </span>
     <span class='ocr_line' id='line_1_12' title="bbox 315 1000 1997 1079; baseline 0.001 -23"><span class='ocrx_word' id='word_1_82' title='bbox 315 1019 517 1058; x_wconf 89' lang='lat' dir='ltr'>omnes</span> <span class='ocrx_word' id='word_1_83' title='bbox 565 1000 743 1059; x_wconf 90' lang='lat' dir='ltr'>animi</span> <span class='ocrx_word' id='word_1_84' title='bbox 787 1001 1113 1078; x_wconf 85' lang='lat' dir='ltr'>voluptates</span> <span class='ocrx_word' id='word_1_85' title='bbox 1163 1020 1285 1059; x_wconf 88' lang='lat' dir='ltr'>esse</span> <span class='ocrx_word' id='word_1_86' title='bbox 1329 1020 1361 1059; x_wconf 94' lang='lat' dir='ltr'>e</span> <span class='ocrx_word' id='word_1_87' title='bbox 1405 1001 1661 1079; x_wconf 89' lang='lat' dir='ltr'>corporis</span> <span class='ocrx_word' id='word_1_88' title='bbox 1711 1001 1997 1059; x_wconf 87' lang='lat' dir='ltr'>societate.</span> 
     </span>
     <span class='ocr_line' id='line_1_13' title="bbox 314 1079 1999 1159; baseline 0 -21"><span class='ocrx_word' id='word_1_89' title='bbox 314 1079 589 1158; x_wconf 87' lang='lat' dir='ltr'>Corporis</span> <span class='ocrx_word' id='word_1_90' title='bbox 615 1088 806 1139; x_wconf 89' lang='lat' dir='ltr'>autem</span> <span class='ocrx_word' id='word_1_91' title='bbox 833 1081 1096 1159; x_wconf 89' lang='lat' dir='ltr'>voluptas</span> <span class='ocrx_word' id='word_1_92' title='bbox 1123 1081 1174 1138; x_wconf 91' lang='lat' dir='ltr'>si</span> <span class='ocrx_word' id='word_1_93' title='bbox 1200 1082 1372 1139; x_wconf 87' lang='lat' dir='ltr'>etiam</span> <span class='ocrx_word' id='word_1_94' title='bbox 1404 1080 1709 1157; x_wconf 90' lang='lat' dir='ltr'>praeterita</span> <span class='ocrx_word' id='word_1_95' title='bbox 1735 1080 1999 1151; x_wconf 87' lang='lat' dir='ltr'>delectat,</span> 
     </span>
     <span class='ocr_line' id='line_1_14' title="bbox 315 1159 2004 1238; baseline 0 -21"><span class='ocrx_word' id='word_1_96' title='bbox 315 1179 435 1218; x_wconf 89' lang='lat' dir='ltr'>non</span> <span class='ocrx_word' id='word_1_97' title='bbox 468 1159 757 1238; x_wconf 85' lang='lat' dir='ltr'>intellego,</span> <span class='ocrx_word' id='word_1_98' title='bbox 788 1180 891 1218; x_wconf 89' lang='lat' dir='ltr'>cur</span> <span class='ocrx_word' id='word_1_99' title='bbox 921 1160 1265 1219; x_wconf 84' lang='lat' dir='ltr'>Aristoteles</span> <span class='ocrx_word' id='word_1_100' title='bbox 1297 1160 1689 1238; x_wconf 83' lang='lat' dir='ltr'>Sardanapalli</span> <span class='ocrx_word' id='word_1_101' title='bbox 1722 1160 2004 1238; x_wconf 86' lang='lat' dir='ltr'>epigram·</span> 
     </span>
     <span class='ocr_line' id='line_1_15' title="bbox 314 1239 2004 1318; baseline 0 -21"><span class='ocrx_word' id='word_1_102' title='bbox 314 1258 412 1297; x_wconf 92' lang='lat' dir='ltr'>ma</span> <span class='ocrx_word' id='word_1_103' title='bbox 441 1247 607 1298; x_wconf 90' lang='lat' dir='ltr'>tanto</span> <span class='ocrx_word' id='word_1_104' title='bbox 641 1259 813 1318; x_wconf 88' lang='lat' dir='ltr'>opere</span> <span class='ocrx_word' id='word_1_105' title='bbox 845 1240 1118 1313; x_wconf 87' lang='lat' dir='ltr'>derideat,</span> <span class='ocrx_word' id='word_1_106' title='bbox 1150 1240 1211 1298; x_wconf 90' lang='lat' dir='ltr'>in</span> <span class='ocrx_word' id='word_1_107' title='bbox 1242 1259 1358 1318; x_wconf 91' lang='lat' dir='ltr'>quo</span> <span class='ocrx_word' id='word_1_108' title='bbox 1389 1240 1487 1298; x_wconf 89' lang='lat' dir='ltr'>ille</span> <span class='ocrx_word' id='word_1_109' title='bbox 1519 1260 1616 1297; x_wconf 88' lang='lat' dir='ltr'>rex</span> <span class='ocrx_word' id='word_1_110' title='bbox 1652 1239 1850 1317; x_wconf 83' lang='lat' dir='ltr'>Syriae</span> <span class='ocrx_word' id='word_1_111' title='bbox 1882 1240 2004 1317; x_wconf 86' lang='lat' dir='ltr'>glo-</span> 
     </span>
     <span class='ocr_line' id='line_1_16' title="bbox 315 1318 2006 1397; baseline 0.001 -21"><span class='ocrx_word' id='word_1_112' title='bbox 315 1318 509 1393; x_wconf 85' lang='lat' dir='ltr'>rietur,</span> <span class='ocrx_word' id='word_1_113' title='bbox 540 1340 599 1378; x_wconf 87' lang='lat' dir='ltr'>sc</span> <span class='ocrx_word' id='word_1_114' title='bbox 641 1338 842 1379; x_wconf 89' lang='lat' dir='ltr'>omnes</span> <span class='ocrx_word' id='word_1_115' title='bbox 883 1340 1074 1380; x_wconf 91' lang='lat' dir='ltr'>secum</span> <span class='ocrx_word' id='word_1_116' title='bbox 1117 1320 1419 1379; x_wconf 82' lang='lat' dir='ltr'>abstulisse</span> <span class='ocrx_word' id='word_1_117' title='bbox 1459 1320 1768 1378; x_wconf 88' lang='lat' dir='ltr'>libidinum</span> <span class='ocrx_word' id='word_1_118' title='bbox 1805 1320 2006 1397; x_wconf 86' lang='lat' dir='ltr'>volup-</span> 
     </span>
     <span class='ocr_line' id='line_1_17' title="bbox 315 1398 2005 1478; baseline 0.001 -22"><span class='ocrx_word' id='word_1_119' title='bbox 315 1405 479 1458; x_wconf 78' lang='lat' dir='ltr'>tates,</span> <span class='ocrx_word' id='word_1_120' title='bbox 563 1398 737 1469; x_wconf 81' lang='lat' dir='ltr'>Quod</span> <span class='ocrx_word' id='word_1_121' title='bbox 768 1401 923 1459; x_wconf 91' lang='lat' dir='ltr'>enim</span> <span class='ocrx_word' id='word_1_122' title='bbox 956 1420 1030 1458; x_wconf 89' lang='lat' dir='ltr'>ne</span> <span class='ocrx_word' id='word_1_123' title='bbox 1066 1400 1233 1458; x_wconf 88' lang='lat' dir='ltr'>vivus</span> <span class='ocrx_word' id='word_1_124' title='bbox 1266 1399 1517 1478; x_wconf 90' lang='lat' dir='ltr'>quidem,</span> <span class='ocrx_word' id='word_1_125' title='bbox 1547 1400 1754 1478; x_wconf 90' lang='lat' dir='ltr'>inquit,</span> <span class='ocrx_word' id='word_1_126' title='bbox 1784 1400 2005 1457; x_wconf 85' lang='lat' dir='ltr'>diutius</span> 
     </span>
     <span class='ocr_line' id='line_1_18' title="bbox 317 1479 2006 1557; baseline 0 -21"><span class='ocrx_word' id='word_1_127' title='bbox 317 1479 529 1537; x_wconf 85' lang='lat' dir='ltr'>sentire</span> <span class='ocrx_word' id='word_1_128' title='bbox 572 1486 816 1557; x_wconf 87' lang='lat' dir='ltr'>poterat,</span> <span class='ocrx_word' id='word_1_129' title='bbox 847 1499 1020 1557; x_wconf 88' lang='lat' dir='ltr'>quam</span> <span class='ocrx_word' id='word_1_130' title='bbox 1069 1480 1210 1537; x_wconf 91' lang='lat' dir='ltr'>dum</span> <span class='ocrx_word' id='word_1_131' title='bbox 1259 1479 1573 1550; x_wconf 86' lang='lat' dir='ltr'>fruebatur,</span> <span class='ocrx_word' id='word_1_132' title='bbox 1605 1479 1901 1556; x_wconf 90' lang='lat' dir='ltr'>quomodo</span> <span class='ocrx_word' id='word_1_133' title='bbox 1941 1479 2006 1537; x_wconf 90' lang='lat' dir='ltr'>id</span> 
     </span>
     <span class='ocr_line' id='line_1_19' title="bbox 316 1558 2007 1637; baseline 0.001 -22"><span class='ocrx_word' id='word_1_134' title='bbox 316 1566 550 1617; x_wconf 92' lang='lat' dir='ltr'>mortuo</span> <span class='ocrx_word' id='word_1_135' title='bbox 603 1560 798 1635; x_wconf 90' lang='lat' dir='ltr'>potuit</span> <span class='ocrx_word' id='word_1_136' title='bbox 843 1559 1218 1637; x_wconf 62' lang='lat' dir='ltr'>permanere?</span> <span class='ocrx_word' id='word_1_137' title='bbox 1314 1558 1470 1617; x_wconf 86' lang='lat' dir='ltr'>Fluit</span> <span class='ocrx_word' id='word_1_138' title='bbox 1516 1559 1696 1634; x_wconf 80' lang='lat' dir='ltr'>igitur</span> <span class='ocrx_word' id='word_1_139' title='bbox 1742 1559 2007 1636; x_wconf 86' lang='lat' dir='ltr'>voluptas</span> 
     </span>
     <span class='ocr_line' id='line_1_20' title="bbox 319 1637 2007 1715; baseline -0.001 -20"><span class='ocrx_word' id='word_1_140' title='bbox 319 1638 582 1714; x_wconf 88' lang='lat' dir='ltr'>corporis</span> <span class='ocrx_word' id='word_1_141' title='bbox 619 1645 680 1696; x_wconf 88' lang='lat' dir='ltr'>et</span> <span class='ocrx_word' id='word_1_142' title='bbox 715 1638 903 1715; x_wconf 88' lang='lat' dir='ltr'>prima</span> <span class='ocrx_word' id='word_1_143' title='bbox 935 1657 1193 1715; x_wconf 89' lang='lat' dir='ltr'>quaeque</span> <span class='ocrx_word' id='word_1_144' title='bbox 1231 1637 1437 1709; x_wconf 87' lang='lat' dir='ltr'>avolat,</span> <span class='ocrx_word' id='word_1_145' title='bbox 1468 1638 1804 1715; x_wconf 83' lang='lat' dir='ltr'>saepiusque</span> <span class='ocrx_word' id='word_1_146' title='bbox 1841 1638 2007 1695; x_wconf 84' lang='lat' dir='ltr'>relin-</span> 
     </span>
     <span class='ocr_line' id='line_1_21' title="bbox 322 1716 2007 1795; baseline 0.001 -22"><span class='ocrx_word' id='word_1_147' title='bbox 322 1716 452 1792; x_wconf 90' lang='lat' dir='ltr'>quit</span> <span class='ocrx_word' id='word_1_148' title='bbox 490 1735 718 1773; x_wconf 86' lang='lat' dir='ltr'>causam</span> <span class='ocrx_word' id='word_1_149' title='bbox 760 1716 1093 1793; x_wconf 87' lang='lat' dir='ltr'>paenitendi</span> <span class='ocrx_word' id='word_1_150' title='bbox 1136 1736 1308 1794; x_wconf 90' lang='lat' dir='ltr'>quam</span> <span class='ocrx_word' id='word_1_151' title='bbox 1353 1716 1708 1775; x_wconf 88' lang='lat' dir='ltr'>recordandi.</span> <span class='ocrx_word' id='word_1_152' title='bbox 1805 1717 2007 1795; x_wconf 88' lang='lat' dir='ltr'>Itaque</span> 
     </span>
     <span class='ocr_line' id='line_1_22' title="bbox 321 1794 1894 1874; baseline 0.001 -20"><span class='ocrx_word' id='word_1_153' title='bbox 321 1794 547 1854; x_wconf 88' lang='lat' dir='ltr'>beatior</span> <span class='ocrx_word' id='word_1_154' title='bbox 573 1795 884 1854; x_wconf 90' lang='lat' dir='ltr'>Africanus</span> <span class='ocrx_word' id='word_1_155' title='bbox 911 1815 1040 1855; x_wconf 88' lang='lat' dir='ltr'>cum</span> <span class='ocrx_word' id='word_1_156' title='bbox 1072 1796 1260 1874; x_wconf 90' lang='lat' dir='ltr'>patria</span> <span class='ocrx_word' id='word_1_157' title='bbox 1285 1795 1385 1854; x_wconf 93' lang='lat' dir='ltr'>illo</span> <span class='ocrx_word' id='word_1_158' title='bbox 1414 1796 1591 1855; x_wconf 87' lang='lat' dir='ltr'>modo</span> <span class='ocrx_word' id='word_1_159' title='bbox 1619 1797 1894 1874; x_wconf 90' lang='lat' dir='ltr'>loquens:</span> 
     </span>
    </p>
   </div>
   <div class='ocr_carea' id='block_1_3' title="bbox 768 1916 1564 1979">
    <p class='ocr_par' dir='ltr' id='par_1_3' title="bbox 768 1916 1564 1979">
     <span class='ocr_line' id='line_1_23' title="bbox 768 1916 1564 1979; baseline 0 -13"><span class='ocrx_word' id='word_1_160' title='bbox 768 1916 970 1979; x_wconf 80' lang='lat' dir='ltr'>Desine,</span> <span class='ocrx_word' id='word_1_161' title='bbox 994 1917 1175 1979; x_wconf 85' lang='lat' dir='ltr'>Roma,</span> <span class='ocrx_word' id='word_1_162' title='bbox 1199 1923 1310 1967; x_wconf 85' lang='lat' dir='ltr'>tuos</span> <span class='ocrx_word' id='word_1_163' title='bbox 1331 1916 1564 1966; x_wconf 83' lang='lat' dir='ltr'>hostes-</span> 
     </span>
    </p>
   </div>
   <div class='ocr_carea' id='block_1_4' title="bbox 321 2030 999 2110">
    <p class='ocr_par' dir='ltr' id='par_1_4' title="bbox 321 2030 999 2110">
     <span class='ocr_line' id='line_1_24' title="bbox 321 2030 999 2110; baseline 0.003 -21"><span class='ocrx_word' id='word_1_164' title='bbox 321 2030 651 2109; x_wconf 89' lang='lat' dir='ltr'>reliquaque</span> <span class='ocrx_word' id='word_1_165' title='bbox 678 2032 961 2110; x_wconf 89' lang='lat' dir='ltr'>praeclare</span> <span class='ocrx_word' id='word_1_166' title='bbox 985 2051 999 2092; x_wconf 92' lang='lat'>:</span> 
     </span>
    </p>
   </div>
   <div class='ocr_carea' id='block_1_5' title="bbox 561 2153 1768 2219">
    <p class='ocr_par' dir='ltr' id='par_1_5' title="bbox 561 2153 1768 2219">
     <span class='ocr_line' id='line_1_25' title="bbox 561 2153 1768 2219; baseline 0.002 -17"><span class='ocrx_word' id='word_1_167' title='bbox 561 2153 695 2203; x_wconf 86' lang='lat' dir='ltr'>Nam</span> <span class='ocrx_word' id='word_1_168' title='bbox 719 2153 808 2203; x_wconf 84' lang='lat' dir='ltr'>tibi</span> <span class='ocrx_word' id='word_1_169' title='bbox 830 2155 1167 2205; x_wconf 85' lang='lat' dir='ltr'>moenimenta</span> <span class='ocrx_word' id='word_1_170' title='bbox 1190 2155 1289 2204; x_wconf 90' lang='lat' dir='ltr'>mei</span> <span class='ocrx_word' id='word_1_171' title='bbox 1310 2169 1542 2219; x_wconf 81' lang='lat' dir='ltr'>peperere</span> <span class='ocrx_word' id='word_1_172' title='bbox 1562 2154 1768 2206; x_wconf 57' lang='lat' dir='ltr'>laborem</span> 
     </span>
    </p>
   </div>
   <div class='ocr_carea' id='block_1_6' title="bbox 323 2273 2017 3226">
    <p class='ocr_par' dir='ltr' id='par_1_6' title="bbox 323 2273 2017 3226">
     <span class='ocr_line' id='line_1_26' title="bbox 323 2273 2010 2354; baseline 0.001 -22"><span class='ocrx_word' id='word_1_173' title='bbox 323 2273 642 2332; x_wconf 86' lang='lat' dir='ltr'>Laboribus</span> <span class='ocrx_word' id='word_1_174' title='bbox 671 2273 768 2332; x_wconf 90' lang='lat' dir='ltr'>hic</span> <span class='ocrx_word' id='word_1_175' title='bbox 802 2275 1124 2352; x_wconf 85' lang='lat' dir='ltr'>praeteritis</span> <span class='ocrx_word' id='word_1_176' title='bbox 1156 2274 1387 2351; x_wconf 88' lang='lat' dir='ltr'>gaudet,</span> <span class='ocrx_word' id='word_1_177' title='bbox 1411 2282 1474 2332; x_wconf 94' lang='lat' dir='ltr'>tu</span> <span class='ocrx_word' id='word_1_178' title='bbox 1509 2274 1673 2333; x_wconf 87' lang='lat' dir='ltr'>iubes</span> <span class='ocrx_word' id='word_1_179' title='bbox 1707 2274 2010 2354; x_wconf 88' lang='lat' dir='ltr'>voluptati-</span> 
     </span>
     <span class='ocr_line' id='line_1_27' title="bbox 324 2352 2010 2433; baseline 0.001 -21"><span class='ocrx_word' id='word_1_180' title='bbox 324 2354 448 2427; x_wconf 91' lang='lat' dir='ltr'>bus,</span> <span class='ocrx_word' id='word_1_181' title='bbox 473 2362 532 2412; x_wconf 91' lang='lat' dir='ltr'>et</span> <span class='ocrx_word' id='word_1_182' title='bbox 566 2352 659 2412; x_wconf 91' lang='lat' dir='ltr'>hic</span> <span class='ocrx_word' id='word_1_183' title='bbox 693 2373 753 2412; x_wconf 89' lang='lat' dir='ltr'>se</span> <span class='ocrx_word' id='word_1_184' title='bbox 786 2354 859 2412; x_wconf 87' lang='lat' dir='ltr'>ad</span> <span class='ocrx_word' id='word_1_185' title='bbox 888 2374 956 2411; x_wconf 90' lang='lat' dir='ltr'>ea</span> <span class='ocrx_word' id='word_1_186' title='bbox 986 2363 1233 2427; x_wconf 88' lang='lat' dir='ltr'>revocat,</span> <span class='ocrx_word' id='word_1_187' title='bbox 1258 2374 1290 2413; x_wconf 94' lang='lat' dir='ltr'>e</span> <span class='ocrx_word' id='word_1_188' title='bbox 1319 2355 1527 2432; x_wconf 91' lang='lat' dir='ltr'>quibus</span> <span class='ocrx_word' id='word_1_189' title='bbox 1559 2355 1703 2413; x_wconf 90' lang='lat' dir='ltr'>nihil</span> <span class='ocrx_word' id='word_1_190' title='bbox 1734 2375 2010 2433; x_wconf 88' lang='lat' dir='ltr'>umquam</span> 
     </span>
     <span class='ocr_line' id='line_1_28' title="bbox 325 2433 1834 2512; baseline 0.001 -20"><span class='ocrx_word' id='word_1_191' title='bbox 325 2433 610 2492; x_wconf 86' lang='lat' dir='ltr'>rettulerit</span> <span class='ocrx_word' id='word_1_192' title='bbox 636 2433 712 2491; x_wconf 91' lang='lat' dir='ltr'>ad</span> <span class='ocrx_word' id='word_1_193' title='bbox 739 2453 962 2512; x_wconf 62' lang='lat' dir='ltr'>corpus»,</span> <span class='ocrx_word' id='word_1_194' title='bbox 986 2441 1050 2493; x_wconf 86' lang='lat' dir='ltr'>tu</span> <span class='ocrx_word' id='word_1_195' title='bbox 1079 2441 1241 2493; x_wconf 87' lang='lat' dir='ltr'>totus</span> <span class='ocrx_word' id='word_1_196' title='bbox 1266 2435 1464 2493; x_wconf 87' lang='lat' dir='ltr'>haeres</span> <span class='ocrx_word' id='word_1_197' title='bbox 1490 2435 1550 2492; x_wconf 91' lang='lat' dir='ltr'>in</span> <span class='ocrx_word' id='word_1_198' title='bbox 1580 2455 1834 2512; x_wconf 88' lang='lat' dir='ltr'>corpore.</span> 
     </span>
     <span class='ocr_line' id='line_1_29' title="bbox 406 2513 2011 2611; baseline 0.002 -41"><span class='ocrx_word' id='word_1_199' title='bbox 406 2513 698 2574; x_wconf 88' lang='lat' dir='ltr'>XXXIII.</span> <span class='ocrx_word' id='word_1_200' title='bbox 785 2513 918 2571; x_wconf 85' lang='lat'>107.</span> <span class='ocrx_word' id='word_1_201' title='bbox 963 2514 1117 2572; x_wconf 89' lang='lat' dir='ltr'>Illud</span> <span class='ocrx_word' id='word_1_202' title='bbox 1157 2521 1351 2572; x_wconf 85' lang='lat' dir='ltr'>autem</span> <span class='ocrx_word' id='word_1_203' title='bbox 1392 2515 1580 2611; x_wconf 84' lang='lat' dir='ltr'>ipsum</span> <span class='ocrx_word' id='word_1_204' title='bbox 1624 2516 1723 2592; x_wconf 90' lang='lat' dir='ltr'>qui</span> <span class='ocrx_word' id='word_1_205' title='bbox 1762 2514 2011 2573; x_wconf 88' lang='lat' dir='ltr'>obtineri</span> 
     </span>
     <span class='ocr_line' id='line_1_30' title="bbox 327 2593 2013 2672; baseline 0 -21"><span class='ocrx_word' id='word_1_206' title='bbox 327 2600 535 2670; x_wconf 85' lang='lat' dir='ltr'>potest,</span> <span class='ocrx_word' id='word_1_207' title='bbox 567 2593 723 2671; x_wconf 92' lang='lat' dir='ltr'>quod</span> <span class='ocrx_word' id='word_1_208' title='bbox 768 2593 976 2665; x_wconf 77' lang='lat' dir='ltr'>dicitis,</span> <span class='ocrx_word' id='word_1_209' title='bbox 1012 2612 1214 2652; x_wconf 89' lang='lat' dir='ltr'>omnes</span> <span class='ocrx_word' id='word_1_210' title='bbox 1260 2594 1438 2652; x_wconf 90' lang='lat' dir='ltr'>animi</span> <span class='ocrx_word' id='word_1_211' title='bbox 1482 2601 1542 2652; x_wconf 90' lang='lat' dir='ltr'>et</span> <span class='ocrx_word' id='word_1_212' title='bbox 1584 2595 1911 2672; x_wconf 86' lang='lat' dir='ltr'>voluptates</span> <span class='ocrx_word' id='word_1_213' title='bbox 1953 2601 2013 2652; x_wconf 89' lang='lat' dir='ltr'>et</span> 
     </span>
     <span class='ocr_line' id='line_1_31' title="bbox 327 2672 2013 2751; baseline 0.001 -21"><span class='ocrx_word' id='word_1_214' title='bbox 327 2673 554 2730; x_wconf 90' lang='lat' dir='ltr'>dolores</span> <span class='ocrx_word' id='word_1_215' title='bbox 586 2673 660 2731; x_wconf 89' lang='lat' dir='ltr'>ad</span> <span class='ocrx_word' id='word_1_216' title='bbox 693 2674 949 2750; x_wconf 89' lang='lat' dir='ltr'>corporis</span> <span class='ocrx_word' id='word_1_217' title='bbox 980 2672 1307 2751; x_wconf 86' lang='lat' dir='ltr'>voluptates</span> <span class='ocrx_word' id='word_1_218' title='bbox 1338 2693 1404 2732; x_wconf 86' lang='lat' dir='ltr'>ac</span> <span class='ocrx_word' id='word_1_219' title='bbox 1437 2673 1664 2732; x_wconf 86' lang='lat' dir='ltr'>dolores</span> <span class='ocrx_word' id='word_1_220' title='bbox 1691 2674 2008 2751; x_wconf 86' lang='lat' dir='ltr'>pertinere.</span> <span class='ocrx_word' id='word_1_221' title='bbox 1992 2675 2013 2717; x_wconf 70' lang='lat'>²</span> 
     </span>
     <span class='ocr_line' id='line_1_32' title="bbox 327 2749 2009 2845; baseline 0 -36"><span class='ocrx_word' id='word_1_222' title='bbox 327 2752 564 2810; x_wconf 90' lang='lat' dir='ltr'>Nihilne</span> <span class='ocrx_word' id='word_1_223' title='bbox 591 2759 651 2811; x_wconf 91' lang='lat' dir='ltr'>te</span> <span class='ocrx_word' id='word_1_224' title='bbox 684 2752 930 2811; x_wconf 89' lang='lat' dir='ltr'>delectat</span> <span class='ocrx_word' id='word_1_225' title='bbox 957 2772 1232 2845; x_wconf 80' lang='lat' dir='ltr'>umquam</span> <span class='ocrx_word' id='word_1_226' title='bbox 1263 2749 1473 2827; x_wconf 90' lang='lat' dir='ltr'>(video,</span> <span class='ocrx_word' id='word_1_227' title='bbox 1498 2754 1728 2831; x_wconf 89' lang='lat' dir='ltr'>quicum</span> <span class='ocrx_word' id='word_1_228' title='bbox 1764 2750 2009 2829; x_wconf 87' lang='lat' dir='ltr'>loquar),</span> 
     </span>
     <span class='ocr_line' id='line_1_33' title="bbox 326 2832 2013 2909; baseline 0.001 -20"><span class='ocrx_word' id='word_1_229' title='bbox 326 2839 386 2890; x_wconf 87' lang='lat' dir='ltr'>te</span> <span class='ocrx_word' id='word_1_230' title='bbox 433 2832 628 2908; x_wconf 86' lang='lat' dir='ltr'>igitur,</span> <span class='ocrx_word' id='word_1_231' title='bbox 668 2832 975 2909; x_wconf 87' lang='lat' dir='ltr'>Torquate,</span> <span class='ocrx_word' id='word_1_232' title='bbox 1018 2833 1210 2909; x_wconf 86' lang='lat' dir='ltr'>ipsum</span> <span class='ocrx_word' id='word_1_233' title='bbox 1265 2851 1369 2909; x_wconf 89' lang='lat' dir='ltr'>per</span> <span class='ocrx_word' id='word_1_234' title='bbox 1420 2852 1479 2891; x_wconf 87' lang='lat' dir='ltr'>se</span> <span class='ocrx_word' id='word_1_235' title='bbox 1533 2832 1679 2889; x_wconf 90' lang='lat' dir='ltr'>nihil</span> <span class='ocrx_word' id='word_1_236' title='bbox 1727 2832 2013 2890; x_wconf 65' lang='lat' dir='ltr'>delectat?</span> 
     </span>
     <span class='ocr_line' id='line_1_34' title="bbox 327 2911 2015 2989; baseline -0.001 -19"><span class='ocrx_word' id='word_1_237' title='bbox 327 2911 556 2970; x_wconf 90' lang='lat' dir='ltr'>Omitto</span> <span class='ocrx_word' id='word_1_238' title='bbox 594 2912 956 2989; x_wconf 87' lang='lat' dir='ltr'>dignitatem,</span> <span class='ocrx_word' id='word_1_239' title='bbox 986 2912 1365 2984; x_wconf 88' lang='lat' dir='ltr'>honestatem,</span> <span class='ocrx_word' id='word_1_240' title='bbox 1397 2912 1644 2989; x_wconf 88' lang='lat' dir='ltr'>speciem</span> <span class='ocrx_word' id='word_1_241' title='bbox 1683 2913 1865 2988; x_wconf 89' lang='lat' dir='ltr'>ipsam</span> <span class='ocrx_word' id='word_1_242' title='bbox 1906 2912 2015 2969; x_wconf 91' lang='lat' dir='ltr'>vir-</span> 
     </span>
     <span class='ocr_line' id='line_1_35' title="bbox 326 2990 2016 3069; baseline -0.001 -20"><span class='ocrx_word' id='word_1_243' title='bbox 326 2997 540 3063; x_wconf 87' lang='lat' dir='ltr'>tutum,</span> <span class='ocrx_word' id='word_1_244' title='bbox 565 2991 636 3050; x_wconf 92' lang='lat' dir='ltr'>de</span> <span class='ocrx_word' id='word_1_245' title='bbox 672 2991 880 3069; x_wconf 92' lang='lat' dir='ltr'>quibus</span> <span class='ocrx_word' id='word_1_246' title='bbox 912 2999 1045 3050; x_wconf 90' lang='lat' dir='ltr'>ante</span> <span class='ocrx_word' id='word_1_247' title='bbox 1079 2991 1300 3049; x_wconf 89' lang='lat' dir='ltr'>dictum</span> <span class='ocrx_word' id='word_1_248' title='bbox 1334 3000 1455 3062; x_wconf 82' lang='lat' dir='ltr'>est3</span> <span class='ocrx_word' id='word_1_249' title='bbox 1498 2990 1637 3048; x_wconf 89' lang='lat' dir='ltr'>haec</span> <span class='ocrx_word' id='word_1_250' title='bbox 1670 2990 1883 3049; x_wconf 88' lang='lat' dir='ltr'>leviora</span> <span class='ocrx_word' id='word_1_251' title='bbox 1914 3010 2016 3067; x_wconf 92' lang='lat' dir='ltr'>po-</span> 
     </span>
     <span class='ocr_line' id='line_1_36' title="bbox 327 3070 2013 3148; baseline -0.001 -20"><span class='ocrx_word' id='word_1_252' title='bbox 327 3088 502 3129; x_wconf 88' lang='lat' dir='ltr'>nam:</span> <span class='ocrx_word' id='word_1_253' title='bbox 552 3078 782 3148; x_wconf 76' lang='lat' dir='ltr'>poe&#39;ma,</span> <span class='ocrx_word' id='word_1_254' title='bbox 814 3072 1135 3129; x_wconf 88' lang='lat' dir='ltr'>orationem</span> <span class='ocrx_word' id='word_1_255' title='bbox 1172 3089 1305 3127; x_wconf 89' lang='lat' dir='ltr'>cum</span> <span class='ocrx_word' id='word_1_256' title='bbox 1338 3078 1439 3129; x_wconf 90' lang='lat' dir='ltr'>aut</span> <span class='ocrx_word' id='word_1_257' title='bbox 1480 3070 1679 3127; x_wconf 83' lang='lat' dir='ltr'>scribis</span> <span class='ocrx_word' id='word_1_258' title='bbox 1719 3077 1820 3128; x_wconf 86' lang='lat' dir='ltr'>aut</span> <span class='ocrx_word' id='word_1_259' title='bbox 1853 3070 2013 3146; x_wconf 79' lang='lat' dir='ltr'>legiS,</span> 
     </span>
     <span class='ocr_line' id='line_1_37' title="bbox 327 3149 2017 3226; baseline -0.002 -17"><span class='ocrx_word' id='word_1_260' title='bbox 327 3169 462 3209; x_wconf 89' lang='lat' dir='ltr'>cum</span> <span class='ocrx_word' id='word_1_261' title='bbox 517 3150 779 3209; x_wconf 89' lang='lat' dir='ltr'>omnium</span> <span class='ocrx_word' id='word_1_262' title='bbox 834 3150 1140 3222; x_wconf 89' lang='lat' dir='ltr'>factorum,</span> <span class='ocrx_word' id='word_1_263' title='bbox 1185 3168 1317 3207; x_wconf 91' lang='lat' dir='ltr'>cum</span> <span class='ocrx_word' id='word_1_264' title='bbox 1372 3149 1671 3226; x_wconf 85' lang='lat' dir='ltr'>regionum</span> <span class='ocrx_word' id='word_1_265' title='bbox 1725 3149 2017 3226; x_wconf 87' lang='lat' dir='ltr'>conquiris</span> 
     </span>
    </p>
   </div>
  </div>
 </body>
</html>
