<?xml version="1.0" encoding="UTF-8"?>
<!DOCTYPE html PUBLIC "-//W3C//DTD XHTML 1.0 Transitional//EN"
    "http://www.w3.org/TR/xhtml1/DTD/xhtml1-transitional.dtd">
<html xmlns="http://www.w3.org/1999/xhtml" xml:lang="en" lang="en">
 <head>
  <title>
</title>
<meta http-equiv="Content-Type" content="text/html;charset=utf-8" />
  <meta name='ocr-system' content='tesseract 3.04.00' />
  <meta name='ocr-capabilities' content='ocr_page ocr_carea ocr_par ocr_line ocrx_word'/>
</head>
<body>
  <div class='ocr_page' id='page_1' title='image "./definibusbonoru05cicegoog_0178.png"; bbox 0 0 2259 3467; ppageno 0'>
   <div class='ocr_carea' id='block_1_1' title="bbox 260 113 1775 171">
    <p class='ocr_par' dir='ltr' id='par_1_1' title="bbox 260 113 1775 171">
     <span class='ocr_line' id='line_1_1' title="bbox 260 113 1775 171; baseline -0.001 0"><span class='ocrx_word' id='word_1_1' title='bbox 260 123 357 171; x_wconf 76' lang='lat'>166</span> <span class='ocrx_word' id='word_1_2' title='bbox 422 121 523 171; x_wconf 86' lang='lat' dir='ltr'>DE</span> <span class='ocrx_word' id='word_1_3' title='bbox 556 120 847 170; x_wconf 77' lang='lat' dir='ltr'>meus</span> <span class='ocrx_word' id='word_1_4' title='bbox 880 118 1234 169; x_wconf 66' lang='lat' dir='ltr'>BONORUM</span> <span class='ocrx_word' id='word_1_5' title='bbox 1267 118 1360 167; x_wconf 86' lang='grc' dir='ltr'>ΕΤ</span> <span class='ocrx_word' id='word_1_6' title='bbox 1393 113 1775 169; x_wconf 76' lang='lat' dir='ltr'><strong>MALORUM.</strong></span> 
     </span>
    </p>
   </div>
   <div class='ocr_carea' id='block_1_2' title="bbox 184 221 1970 3261">
    <p class='ocr_par' dir='ltr' id='par_1_2' title="bbox 184 221 1959 1728">
     <span class='ocr_line' id='line_1_2' title="bbox 258 221 1950 301; baseline -0.001 -19"><span class='ocrx_word' id='word_1_7' title='bbox 258 224 468 282; x_wconf 90' lang='lat' dir='ltr'>ductus</span> <span class='ocrx_word' id='word_1_8' title='bbox 496 223 626 294; x_wconf 76' lang='lat' dir='ltr'>oriS,</span> <span class='ocrx_word' id='word_1_9' title='bbox 650 223 751 301; x_wconf 87' lang='lat' dir='ltr'>qui</span> <span class='ocrx_word' id='word_1_10' title='bbox 778 221 971 280; x_wconf 83' lang='lat' dir='ltr'>vultus</span> <span class='ocrx_word' id='word_1_11' title='bbox 1002 221 1063 279; x_wconf 92' lang='lat' dir='ltr'>in</span> <span class='ocrx_word' id='word_1_12' title='bbox 1093 240 1326 299; x_wconf 90' lang='lat' dir='ltr'>quoque</span> <span class='ocrx_word' id='word_1_13' title='bbox 1357 221 1471 279; x_wconf 72' lang='lat' dir='ltr'>sit?</span> <span class='ocrx_word' id='word_1_14' title='bbox 1511 221 1732 280; x_wconf 84' lang='lat' dir='ltr'>nihilne</span> <span class='ocrx_word' id='word_1_15' title='bbox 1765 229 1854 281; x_wconf 87' lang='lat' dir='ltr'>est</span> <span class='ocrx_word' id='word_1_16' title='bbox 1890 223 1950 281; x_wconf 90' lang='lat' dir='ltr'>in</span> 
     </span>
     <span class='ocr_line' id='line_1_3' title="bbox 259 302 1951 381; baseline 0 -19"><span class='ocrx_word' id='word_1_17' title='bbox 259 304 350 362; x_wconf 83' lang='lat' dir='ltr'>his</span> <span class='ocrx_word' id='word_1_18' title='bbox 397 304 582 374; x_wconf 81' lang='lat' dir='ltr'>rebus,</span> <span class='ocrx_word' id='word_1_19' title='bbox 614 302 772 381; x_wconf 90' lang='lat' dir='ltr'>qnod</span> <span class='ocrx_word' id='word_1_20' title='bbox 812 303 1055 380; x_wconf 89' lang='lat' dir='ltr'>dignum</span> <span class='ocrx_word' id='word_1_21' title='bbox 1097 302 1279 360; x_wconf 86' lang='lat' dir='ltr'>libero</span> <span class='ocrx_word' id='word_1_22' title='bbox 1327 309 1428 359; x_wconf 85' lang='lat' dir='ltr'>aut</span> <span class='ocrx_word' id='word_1_23' title='bbox 1468 302 1775 380; x_wconf 89' lang='lat' dir='ltr'>indignum</span> <span class='ocrx_word' id='word_1_24' title='bbox 1825 324 1951 363; x_wconf 88' lang='lat' dir='ltr'>esse</span> 
     </span>
     <span class='ocr_line' id='line_1_4' title="bbox 258 382 1950 462; baseline 0.001 -20"><span class='ocrx_word' id='word_1_25' title='bbox 258 385 572 443; x_wconf 68' lang='lat' dir='ltr'>ducamus?</span> <span class='ocrx_word' id='word_1_26' title='bbox 652 383 862 441; x_wconf 91' lang='lat' dir='ltr'>Nonne</span> <span class='ocrx_word' id='word_1_27' title='bbox 890 383 1027 441; x_wconf 92' lang='lat' dir='ltr'>odio</span> <span class='ocrx_word' id='word_1_28' title='bbox 1055 382 1273 440; x_wconf 81' lang='lat' dir='ltr'>multos</span> <span class='ocrx_word' id='word_1_29' title='bbox 1299 382 1510 459; x_wconf 86' lang='lat' dir='ltr'>dignos</span> <span class='ocrx_word' id='word_1_30' title='bbox 1537 393 1823 459; x_wconf 82' lang='lat' dir='ltr'>putamuS,</span> <span class='ocrx_word' id='word_1_31' title='bbox 1846 386 1950 462; x_wconf 89' lang='lat' dir='ltr'>qui</span> 
     </span>
     <span class='ocr_line' id='line_1_5' title="bbox 258 463 1951 543; baseline 0.001 -21"><span class='ocrx_word' id='word_1_32' title='bbox 258 465 508 543; x_wconf 87' lang='lat' dir='ltr'>quodam</span> <span class='ocrx_word' id='word_1_33' title='bbox 551 471 716 522; x_wconf 90' lang='lat' dir='ltr'>motu</span> <span class='ocrx_word' id='word_1_34' title='bbox 757 469 859 520; x_wconf 83' lang='lat' dir='ltr'>aut</span> <span class='ocrx_word' id='word_1_35' title='bbox 890 469 1045 520; x_wconf 84' lang='lat' dir='ltr'>statu</span> <span class='ocrx_word' id='word_1_36' title='bbox 1078 463 1348 521; x_wconf 86' lang='lat' dir='ltr'>videntur</span> <span class='ocrx_word' id='word_1_37' title='bbox 1387 471 1624 521; x_wconf 89' lang='lat' dir='ltr'>naturae</span> <span class='ocrx_word' id='word_1_38' title='bbox 1656 464 1843 540; x_wconf 88' lang='lat' dir='ltr'>legem</span> <span class='ocrx_word' id='word_1_39' title='bbox 1889 473 1951 523; x_wconf 81' lang='lat' dir='ltr'>et</span> 
     </span>
     <span class='ocr_line' id='line_1_6' title="bbox 258 542 1952 623; baseline -0.001 -20"><span class='ocrx_word' id='word_1_40' title='bbox 258 545 498 603; x_wconf 88' lang='lat' dir='ltr'>modum</span> <span class='ocrx_word' id='word_1_41' title='bbox 535 543 985 623; x_wconf 71' lang='lat' dir='ltr'><strong>contempsisse?</strong></span> <span class='ocrx_word' id='word_1_42' title='bbox 1064 543 1145 601; x_wconf 89' lang='lat' dir='ltr'>Et</span> <span class='ocrx_word' id='word_1_43' title='bbox 1176 543 1451 620; x_wconf 84' lang='lat' dir='ltr'>quoniam</span> <span class='ocrx_word' id='word_1_44' title='bbox 1485 542 1624 601; x_wconf 84' lang='lat' dir='ltr'>haec</span> <span class='ocrx_word' id='word_1_45' title='bbox 1656 543 1952 602; x_wconf 90' lang='lat' dir='ltr'>deducun-</span> 
     </span>
     <span class='ocr_line' id='line_1_7' title="bbox 260 623 1949 702; baseline 0 -19"><span class='ocrx_word' id='word_1_46' title='bbox 260 633 353 684; x_wconf 86' lang='lat' dir='ltr'>tur</span> <span class='ocrx_word' id='word_1_47' title='bbox 384 625 457 682; x_wconf 91' lang='lat' dir='ltr'>de</span> <span class='ocrx_word' id='word_1_48' title='bbox 497 643 753 701; x_wconf 85' lang='lat' dir='ltr'>corpore,</span> <span class='ocrx_word' id='word_1_49' title='bbox 785 623 929 702; x_wconf 90' lang='lat' dir='ltr'>quid</span> <span class='ocrx_word' id='word_1_50' title='bbox 958 630 1064 695; x_wconf 87' lang='lat' dir='ltr'>cst,</span> <span class='ocrx_word' id='word_1_51' title='bbox 1094 643 1198 681; x_wconf 88' lang='lat' dir='ltr'>cur</span> <span class='ocrx_word' id='word_1_52' title='bbox 1235 642 1352 681; x_wconf 90' lang='lat' dir='ltr'>non</span> <span class='ocrx_word' id='word_1_53' title='bbox 1387 630 1542 681; x_wconf 89' lang='lat' dir='ltr'>recte</span> <span class='ocrx_word' id='word_1_54' title='bbox 1574 623 1949 701; x_wconf 79' lang='lat' dir='ltr'>pulchritudo</span> 
     </span>
     <span class='ocr_line' id='line_1_8' title="bbox 257 703 1949 782; baseline -0.001 -18"><span class='ocrx_word' id='word_1_55' title='bbox 257 707 431 764; x_wconf 86' lang='lat' dir='ltr'>etiam</span> <span class='ocrx_word' id='word_1_56' title='bbox 472 705 601 782; x_wconf 89' lang='lat' dir='ltr'>ipsa</span> <span class='ocrx_word' id='word_1_57' title='bbox 632 712 871 782; x_wconf 87' lang='lat' dir='ltr'>propter</span> <span class='ocrx_word' id='word_1_58' title='bbox 901 722 963 762; x_wconf 90' lang='lat' dir='ltr'>se</span> <span class='ocrx_word' id='word_1_59' title='bbox 993 703 1316 781; x_wconf 84' lang='lat' dir='ltr'>expetenda</span> <span class='ocrx_word' id='word_1_60' title='bbox 1347 703 1628 762; x_wconf 69' lang='lat' dir='ltr'>ducatur?</span> <span class='ocrx_word' id='word_1_61' title='bbox 1708 703 1860 762; x_wconf 83' lang='lat' dir='ltr'>Nam</span> <span class='ocrx_word' id='word_1_62' title='bbox 1898 706 1949 763; x_wconf 90' lang='lat' dir='ltr'>si</span> 
     </span>
     <span class='ocr_line' id='line_1_9' title="bbox 257 784 1948 863; baseline -0.001 -20"><span class='ocrx_word' id='word_1_63' title='bbox 257 786 597 863; x_wconf 78' lang='lat' dir='ltr'>pravitatem</span> <span class='ocrx_word' id='word_1_64' title='bbox 653 785 1240 861; x_wconf 78' lang='lat' dir='ltr'>imminutionemque</span> <span class='ocrx_word' id='word_1_65' title='bbox 1293 784 1551 861; x_wconf 84' lang='lat' dir='ltr'>corporis</span> <span class='ocrx_word' id='word_1_66' title='bbox 1600 792 1836 862; x_wconf 84' lang='lat' dir='ltr'>propter</span> <span class='ocrx_word' id='word_1_67' title='bbox 1885 805 1948 843; x_wconf 88' lang='lat' dir='ltr'>sc</span> 
     </span>
     <span class='ocr_line' id='line_1_10' title="bbox 257 864 1946 943; baseline -0.001 -19"><span class='ocrx_word' id='word_1_68' title='bbox 257 866 596 943; x_wconf 81' lang='lat' dir='ltr'>fugiendam</span> <span class='ocrx_word' id='word_1_69' title='bbox 630 874 917 942; x_wconf 85' lang='lat' dir='ltr'>putamus,</span> <span class='ocrx_word' id='word_1_70' title='bbox 940 883 1043 922; x_wconf 90' lang='lat' dir='ltr'>cur</span> <span class='ocrx_word' id='word_1_71' title='bbox 1072 883 1192 922; x_wconf 90' lang='lat' dir='ltr'>non</span> <span class='ocrx_word' id='word_1_72' title='bbox 1226 864 1420 935; x_wconf 84' lang='lat' dir='ltr'>etiam,</span> <span class='ocrx_word' id='word_1_73' title='bbox 1443 883 1511 921; x_wconf 88' lang='lat' dir='ltr'>ac</span> <span class='ocrx_word' id='word_1_74' title='bbox 1544 864 1786 923; x_wconf 85' lang='lat' dir='ltr'>fortasse</span> <span class='ocrx_word' id='word_1_75' title='bbox 1823 884 1946 922; x_wconf 86' lang='lat' dir='ltr'>ma-</span> 
     </span>
     <span class='ocr_line' id='line_1_11' title="bbox 257 944 1949 1024; baseline 0 -21"><span class='ocrx_word' id='word_1_76' title='bbox 257 948 365 1024; x_wconf 85' lang='lat' dir='ltr'>gis,</span> <span class='ocrx_word' id='word_1_77' title='bbox 388 953 624 1023; x_wconf 84' lang='lat' dir='ltr'>propter</span> <span class='ocrx_word' id='word_1_78' title='bbox 650 966 711 1003; x_wconf 90' lang='lat' dir='ltr'>se</span> <span class='ocrx_word' id='word_1_79' title='bbox 737 946 960 1003; x_wconf 83' lang='lat' dir='ltr'>formae</span> <span class='ocrx_word' id='word_1_80' title='bbox 987 944 1333 1021; x_wconf 86' lang='lat' dir='ltr'>dignitatem</span> <span class='ocrx_word' id='word_1_81' title='bbox 1367 946 1710 1021; x_wconf 64' lang='lat' dir='ltr'>sequamur?</span> <span class='ocrx_word' id='word_1_82' title='bbox 1789 944 1869 1003; x_wconf 87' lang='lat' dir='ltr'>Et</span> <span class='ocrx_word' id='word_1_83' title='bbox 1897 946 1949 1003; x_wconf 91' lang='lat' dir='ltr'>si</span> 
     </span>
     <span class='ocr_line' id='line_1_12' title="bbox 184 1026 1948 1105; baseline -0.004 -16"><span class='ocrx_word' id='word_1_84' title='bbox 184 1082 192 1090; x_wconf 90' lang='lat'><strong>.</strong></span> <span class='ocrx_word' id='word_1_85' title='bbox 257 1027 677 1105; x_wconf 77' lang='lat' dir='ltr'>turpitudinem</span> <span class='ocrx_word' id='word_1_86' title='bbox 726 1026 988 1102; x_wconf 84' lang='lat' dir='ltr'>fugimus</span> <span class='ocrx_word' id='word_1_87' title='bbox 1035 1026 1093 1083; x_wconf 93' lang='lat' dir='ltr'>in</span> <span class='ocrx_word' id='word_1_88' title='bbox 1145 1032 1300 1083; x_wconf 85' lang='lat' dir='ltr'>statu</span> <span class='ocrx_word' id='word_1_89' title='bbox 1346 1032 1407 1082; x_wconf 88' lang='lat' dir='ltr'>et</span> <span class='ocrx_word' id='word_1_90' title='bbox 1455 1032 1619 1082; x_wconf 88' lang='lat' dir='ltr'>motu</span> <span class='ocrx_word' id='word_1_91' title='bbox 1668 1026 1948 1104; x_wconf 72' lang='lat' dir='ltr'>corporiS,</span> 
     </span>
     <span class='ocr_line' id='line_1_13' title="bbox 259 1105 1959 1185; baseline 0 -21"><span class='ocrx_word' id='word_1_92' title='bbox 259 1107 399 1185; x_wconf 92' lang='lat' dir='ltr'>quid</span> <span class='ocrx_word' id='word_1_93' title='bbox 421 1114 524 1177; x_wconf 89' lang='lat' dir='ltr'>est,</span> <span class='ocrx_word' id='word_1_94' title='bbox 544 1126 646 1164; x_wconf 91' lang='lat' dir='ltr'>cur</span> <span class='ocrx_word' id='word_1_95' title='bbox 672 1105 1160 1184; x_wconf 88' lang='lat' dir='ltr'>pulchritudinem</span> <span class='ocrx_word' id='word_1_96' title='bbox 1189 1124 1306 1162; x_wconf 91' lang='lat' dir='ltr'>non</span> <span class='ocrx_word' id='word_1_97' title='bbox 1335 1106 1675 1183; x_wconf 68' lang='lat' dir='ltr'>sequamur?</span> <span class='ocrx_word' id='word_1_98' title='bbox 1747 1107 1959 1183; x_wconf 85' lang='lat' dir='ltr'>Atque-</span> 
     </span>
     <span class='ocr_line' id='line_1_14' title="bbox 258 1184 1943 1258; baseline 0.001 -13"><span class='ocrx_word' id='word_1_99' title='bbox 258 1189 430 1245; x_wconf 89' lang='lat' dir='ltr'>etiam</span> <span class='ocrx_word' id='word_1_100' title='bbox 489 1186 893 1258; x_wconf 84' lang='lat' dir='ltr'>valetudinem,</span> <span class='ocrx_word' id='word_1_101' title='bbox 938 1186 1103 1256; x_wconf 86' lang='lat' dir='ltr'>vires,</span> <span class='ocrx_word' id='word_1_102' title='bbox 1152 1186 1493 1243; x_wconf 78' lang='lat' dir='ltr'>vacuitatem</span> <span class='ocrx_word' id='word_1_103' title='bbox 1552 1184 1768 1244; x_wconf 89' lang='lat' dir='ltr'>doloris</span> <span class='ocrx_word' id='word_1_104' title='bbox 1822 1206 1943 1247; x_wconf 88' lang='lat' dir='ltr'>non</span> 
     </span>
     <span class='ocr_line' id='line_1_15' title="bbox 259 1265 1949 1344; baseline 0 -20"><span class='ocrx_word' id='word_1_105' title='bbox 259 1274 495 1344; x_wconf 89' lang='lat' dir='ltr'>propter</span> <span class='ocrx_word' id='word_1_106' title='bbox 523 1265 831 1324; x_wconf 85' lang='lat' dir='ltr'>utilitatem</span> <span class='ocrx_word' id='word_1_107' title='bbox 860 1265 1064 1337; x_wconf 90' lang='lat' dir='ltr'>solum,</span> <span class='ocrx_word' id='word_1_108' title='bbox 1089 1266 1193 1324; x_wconf 91' lang='lat' dir='ltr'>sed</span> <span class='ocrx_word' id='word_1_109' title='bbox 1224 1266 1396 1323; x_wconf 88' lang='lat' dir='ltr'>etiam</span> <span class='ocrx_word' id='word_1_110' title='bbox 1432 1265 1588 1343; x_wconf 88' lang='lat' dir='ltr'>ipsas</span> <span class='ocrx_word' id='word_1_111' title='bbox 1615 1273 1851 1343; x_wconf 88' lang='lat' dir='ltr'>propter</span> <span class='ocrx_word' id='word_1_112' title='bbox 1887 1286 1949 1325; x_wconf 90' lang='lat' dir='ltr'>se</span> 
     </span>
     <span class='ocr_line' id='line_1_16' title="bbox 259 1345 1949 1425; baseline -0.001 -19"><span class='ocrx_word' id='word_1_113' title='bbox 259 1355 609 1425; x_wconf 71' lang='lat' dir='ltr'>expetemus</span> <span class='ocrx_word' id='word_1_114' title='bbox 693 1345 982 1415; x_wconf 82' lang='lat' dir='ltr'>Quoniam</span> <span class='ocrx_word' id='word_1_115' title='bbox 1037 1346 1196 1404; x_wconf 89' lang='lat' dir='ltr'>enim</span> <span class='ocrx_word' id='word_1_116' title='bbox 1250 1354 1455 1404; x_wconf 89' lang='lat' dir='ltr'>natura</span> <span class='ocrx_word' id='word_1_117' title='bbox 1503 1346 1620 1404; x_wconf 90' lang='lat' dir='ltr'>suis</span> <span class='ocrx_word' id='word_1_118' title='bbox 1674 1346 1949 1407; x_wconf 88' lang='lat' dir='ltr'>omuibus</span> 
     </span>
     <span class='ocr_line' id='line_1_17' title="bbox 259 1425 1949 1506; baseline 0 -20"><span class='ocrx_word' id='word_1_119' title='bbox 259 1428 476 1506; x_wconf 83' lang='lat' dir='ltr'>expleri</span> <span class='ocrx_word' id='word_1_120' title='bbox 516 1426 775 1504; x_wconf 88' lang='lat' dir='ltr'>partibus</span> <span class='ocrx_word' id='word_1_121' title='bbox 816 1427 955 1499; x_wconf 88' lang='lat' dir='ltr'>vult,</span> <span class='ocrx_word' id='word_1_122' title='bbox 990 1425 1147 1488; x_wconf 89' lang='lat' dir='ltr'>hunc</span> <span class='ocrx_word' id='word_1_123' title='bbox 1188 1433 1400 1484; x_wconf 85' lang='lat' dir='ltr'>statum</span> <span class='ocrx_word' id='word_1_124' title='bbox 1444 1426 1700 1504; x_wconf 83' lang='lat' dir='ltr'>corporis</span> <span class='ocrx_word' id='word_1_125' title='bbox 1743 1446 1844 1503; x_wconf 89' lang='lat' dir='ltr'>per</span> <span class='ocrx_word' id='word_1_126' title='bbox 1887 1448 1949 1486; x_wconf 90' lang='lat' dir='ltr'>se</span> 
     </span>
     <span class='ocr_line' id='line_1_18' title="bbox 258 1507 1951 1588; baseline 0 -23"><span class='ocrx_word' id='word_1_127' title='bbox 258 1509 448 1586; x_wconf 91' lang='lat' dir='ltr'>ipsum</span> <span class='ocrx_word' id='word_1_128' title='bbox 484 1508 720 1585; x_wconf 88' lang='lat' dir='ltr'>expetit,</span> <span class='ocrx_word' id='word_1_129' title='bbox 751 1507 851 1585; x_wconf 91' lang='lat' dir='ltr'>qui</span> <span class='ocrx_word' id='word_1_130' title='bbox 890 1514 979 1565; x_wconf 87' lang='lat' dir='ltr'>cst</span> <span class='ocrx_word' id='word_1_131' title='bbox 1018 1508 1270 1566; x_wconf 81' lang='lat' dir='ltr'>maxime</span> <span class='ocrx_word' id='word_1_132' title='bbox 1312 1526 1344 1564; x_wconf 91' lang='lat' dir='ltr'>e</span> <span class='ocrx_word' id='word_1_133' title='bbox 1384 1515 1604 1578; x_wconf 86' lang='lat' dir='ltr'>natura,</span> <span class='ocrx_word' id='word_1_134' title='bbox 1635 1527 1780 1588; x_wconf 84' lang='lat' dir='ltr'>quae</span> <span class='ocrx_word' id='word_1_135' title='bbox 1820 1514 1951 1566; x_wconf 87' lang='lat' dir='ltr'>tota</span> 
     </span>
     <span class='ocr_line' id='line_1_19' title="bbox 255 1587 1952 1666; baseline 0.001 -20"><span class='ocrx_word' id='word_1_136' title='bbox 255 1588 640 1666; x_wconf 83' lang='lat' dir='ltr'>perturbatur,</span> <span class='ocrx_word' id='word_1_137' title='bbox 671 1589 720 1647; x_wconf 89' lang='lat' dir='ltr'>si</span> <span class='ocrx_word' id='word_1_138' title='bbox 753 1596 854 1646; x_wconf 89' lang='lat' dir='ltr'>aut</span> <span class='ocrx_word' id='word_1_139' title='bbox 886 1607 1119 1665; x_wconf 85' lang='lat' dir='ltr'>aegrum</span> <span class='ocrx_word' id='word_1_140' title='bbox 1154 1606 1362 1665; x_wconf 87' lang='lat' dir='ltr'>corpus</span> <span class='ocrx_word' id='word_1_141' title='bbox 1402 1595 1489 1645; x_wconf 89' lang='lat' dir='ltr'>est</span> <span class='ocrx_word' id='word_1_142' title='bbox 1522 1594 1623 1650; x_wconf 85' lang='lat' dir='ltr'>aut</span> <span class='ocrx_word' id='word_1_143' title='bbox 1654 1587 1814 1651; x_wconf 86' lang='lat' dir='ltr'>dolet</span> <span class='ocrx_word' id='word_1_144' title='bbox 1845 1596 1952 1647; x_wconf 87' lang='lat' dir='ltr'>aut</span> 
     </span>
     <span class='ocr_line' id='line_1_20' title="bbox 259 1668 674 1728; baseline 0 -1"><span class='ocrx_word' id='word_1_145' title='bbox 259 1677 417 1727; x_wconf 85' lang='lat' dir='ltr'>caret</span> <span class='ocrx_word' id='word_1_146' title='bbox 445 1668 674 1728; x_wconf 67' lang='lat' dir='ltr'>viribus</span> 
     </span>
    </p>

    <p class='ocr_par' dir='ltr' id='par_1_3' title="bbox 259 1747 1970 3261">
     <span class='ocr_line' id='line_1_21' title="bbox 340 1747 1952 1826; baseline 0.001 -20"><span class='ocrx_word' id='word_1_147' title='bbox 340 1749 569 1808; x_wconf 89' lang='lat' dir='ltr'><strong>XVIII.</strong></span> <span class='ocrx_word' id='word_1_148' title='bbox 654 1754 749 1807; x_wconf 83' lang='lat'>48.</span> <span class='ocrx_word' id='word_1_149' title='bbox 786 1747 1104 1806; x_wconf 84' lang='lat' dir='ltr'>Videamus</span> <span class='ocrx_word' id='word_1_150' title='bbox 1138 1747 1317 1807; x_wconf 89' lang='lat' dir='ltr'>animi</span> <span class='ocrx_word' id='word_1_151' title='bbox 1350 1756 1558 1826; x_wconf 79' lang='lat' dir='ltr'>parteS,</span> <span class='ocrx_word' id='word_1_152' title='bbox 1584 1768 1823 1825; x_wconf 87' lang='lat' dir='ltr'>quarum</span> <span class='ocrx_word' id='word_1_153' title='bbox 1860 1756 1952 1807; x_wconf 89' lang='lat' dir='ltr'>est</span> 
     </span>
     <span class='ocr_line' id='line_1_22' title="bbox 259 1828 1951 1907; baseline -0.001 -19"><span class='ocrx_word' id='word_1_154' title='bbox 259 1837 601 1907; x_wconf 87' lang='lat' dir='ltr'>conspectus</span> <span class='ocrx_word' id='word_1_155' title='bbox 632 1829 940 1900; x_wconf 68' lang='lat' dir='ltr'>illustrior,</span> <span class='ocrx_word' id='word_1_156' title='bbox 982 1847 1129 1907; x_wconf 85' lang='lat' dir='ltr'>quae</span> <span class='ocrx_word' id='word_1_157' title='bbox 1164 1847 1281 1907; x_wconf 89' lang='lat' dir='ltr'>quo</span> <span class='ocrx_word' id='word_1_158' title='bbox 1315 1837 1451 1887; x_wconf 82' lang='lat' dir='ltr'>sunt</span> <span class='ocrx_word' id='word_1_159' title='bbox 1490 1828 1844 1901; x_wconf 79' lang='lat' dir='ltr'>excelsioreS,</span> <span class='ocrx_word' id='word_1_160' title='bbox 1878 1848 1951 1887; x_wconf 91' lang='lat' dir='ltr'>eo</span> 
     </span>
     <span class='ocr_line' id='line_1_23' title="bbox 260 1908 1951 1985; baseline -0.001 -17"><span class='ocrx_word' id='word_1_161' title='bbox 260 1910 402 1968; x_wconf 87' lang='lat' dir='ltr'>dant</span> <span class='ocrx_word' id='word_1_162' title='bbox 429 1911 666 1968; x_wconf 85' lang='lat' dir='ltr'>clariora</span> <span class='ocrx_word' id='word_1_163' title='bbox 696 1910 911 1967; x_wconf 88' lang='lat' dir='ltr'>indicia</span> <span class='ocrx_word' id='word_1_164' title='bbox 941 1917 1195 1968; x_wconf 86' lang='lat' dir='ltr'>naturae.</span> <span class='ocrx_word' id='word_1_165' title='bbox 1277 1908 1500 1967; x_wconf 86' lang='lat' dir='ltr'>Tantus</span> <span class='ocrx_word' id='word_1_166' title='bbox 1532 1918 1621 1967; x_wconf 91' lang='lat' dir='ltr'>est</span> <span class='ocrx_word' id='word_1_167' title='bbox 1653 1909 1832 1985; x_wconf 85' lang='lat' dir='ltr'>igitur</span> <span class='ocrx_word' id='word_1_168' title='bbox 1864 1913 1951 1967; x_wconf 86' lang='lat' dir='ltr'>in·</span> 
     </span>
     <span class='ocr_line' id='line_1_24' title="bbox 260 1990 1950 2067; baseline 0 -19"><span class='ocrx_word' id='word_1_169' title='bbox 260 1999 429 2048; x_wconf 86' lang='lat' dir='ltr'>natus</span> <span class='ocrx_word' id='word_1_170' title='bbox 457 1991 516 2049; x_wconf 90' lang='lat' dir='ltr'>in</span> <span class='ocrx_word' id='word_1_171' title='bbox 539 1990 708 2048; x_wconf 87' lang='lat' dir='ltr'>nobis</span> <span class='ocrx_word' id='word_1_172' title='bbox 734 1990 1084 2067; x_wconf 82' lang='lat' dir='ltr'>cognitionis</span> <span class='ocrx_word' id='word_1_173' title='bbox 1110 2007 1274 2047; x_wconf 85' lang='lat' dir='ltr'>amor</span> <span class='ocrx_word' id='word_1_174' title='bbox 1299 1997 1360 2047; x_wconf 89' lang='lat' dir='ltr'>et</span> <span class='ocrx_word' id='word_1_175' title='bbox 1381 1990 1667 2061; x_wconf 84' lang='lat' dir='ltr'>scientiae,</span> <span class='ocrx_word' id='word_1_176' title='bbox 1690 1997 1754 2047; x_wconf 89' lang='lat' dir='ltr'>ut</span> <span class='ocrx_word' id='word_1_177' title='bbox 1773 2009 1950 2048; x_wconf 90' lang='lat' dir='ltr'>nemo</span> 
     </span>
     <span class='ocr_line' id='line_1_25' title="bbox 261 2070 1953 2148; baseline -0.001 -20"><span class='ocrx_word' id='word_1_178' title='bbox 261 2071 522 2129; x_wconf 83' lang='lat' dir='ltr'>dubitare</span> <span class='ocrx_word' id='word_1_179' title='bbox 563 2071 764 2148; x_wconf 86' lang='lat' dir='ltr'>possit,</span> <span class='ocrx_word' id='word_1_180' title='bbox 797 2071 935 2148; x_wconf 87' lang='lat' dir='ltr'>quin</span> <span class='ocrx_word' id='word_1_181' title='bbox 985 2070 1061 2128; x_wconf 86' lang='lat' dir='ltr'>ad</span> <span class='ocrx_word' id='word_1_182' title='bbox 1107 2089 1205 2128; x_wconf 87' lang='lat' dir='ltr'>eas</span> <span class='ocrx_word' id='word_1_183' title='bbox 1251 2088 1342 2127; x_wconf 91' lang='lat' dir='ltr'>res</span> <span class='ocrx_word' id='word_1_184' title='bbox 1390 2070 1692 2127; x_wconf 83' lang='lat' dir='ltr'>hominum</span> <span class='ocrx_word' id='word_1_185' title='bbox 1745 2079 1953 2128; x_wconf 88' lang='lat' dir='ltr'>natura</span> 
     </span>
     <span class='ocr_line' id='line_1_26' title="bbox 260 2149 1952 2227; baseline 0 -19"><span class='ocrx_word' id='word_1_186' title='bbox 260 2150 419 2208; x_wconf 89' lang='lat' dir='ltr'>nullo</span> <span class='ocrx_word' id='word_1_187' title='bbox 449 2151 838 2210; x_wconf 89' lang='lat' dir='ltr'>emolumento</span> <span class='ocrx_word' id='word_1_188' title='bbox 868 2151 1110 2208; x_wconf 85' lang='lat' dir='ltr'>invitata</span> <span class='ocrx_word' id='word_1_189' title='bbox 1136 2149 1404 2227; x_wconf 87' lang='lat' dir='ltr'>rapiatur.</span> <span class='ocrx_word' id='word_1_190' title='bbox 1482 2149 1856 2220; x_wconf 89' lang='lat' dir='ltr'>Videmusne,</span> <span class='ocrx_word' id='word_1_191' title='bbox 1882 2157 1952 2209; x_wconf 85' lang='lat' dir='ltr'>ut</span> 
     </span>
     <span class='ocr_line' id='line_1_27' title="bbox 261 2230 1952 2310; baseline -0.001 -21"><span class='ocrx_word' id='word_1_192' title='bbox 261 2231 423 2310; x_wconf 87' lang='lat' dir='ltr'>pueri</span> <span class='ocrx_word' id='word_1_193' title='bbox 459 2250 529 2288; x_wconf 91' lang='lat' dir='ltr'>ne</span> <span class='ocrx_word' id='word_1_194' title='bbox 563 2231 889 2289; x_wconf 84' lang='lat' dir='ltr'>verberibus</span> <span class='ocrx_word' id='word_1_195' title='bbox 923 2231 1155 2309; x_wconf 90' lang='lat' dir='ltr'>quidem</span> <span class='ocrx_word' id='word_1_196' title='bbox 1199 2249 1234 2287; x_wconf 85' lang='lat' dir='ltr'>a</span> <span class='ocrx_word' id='word_1_197' title='bbox 1275 2230 1737 2308; x_wconf 84' lang='lat' dir='ltr'>contemplandis</span> <span class='ocrx_word' id='word_1_198' title='bbox 1778 2230 1952 2289; x_wconf 90' lang='lat' dir='ltr'>rebus</span> 
     </span>
     <span class='ocr_line' id='line_1_28' title="bbox 260 2310 1952 2390; baseline -0.001 -20"><span class='ocrx_word' id='word_1_199' title='bbox 260 2312 772 2390; x_wconf 83' lang='lat' dir='ltr'>perquirendisque</span> <span class='ocrx_word' id='word_1_200' title='bbox 819 2311 1247 2370; x_wconf 66' lang='lat' dir='ltr'>deterreantur?</span> <span class='ocrx_word' id='word_1_201' title='bbox 1299 2317 1368 2368; x_wconf 84' lang='lat' dir='ltr'>ut</span> <span class='ocrx_word' id='word_1_202' title='bbox 1391 2310 1565 2387; x_wconf 90' lang='lat' dir='ltr'>·pulsi</span> <span class='ocrx_word' id='word_1_203' title='bbox 1620 2312 1952 2369; x_wconf 68' lang='lat' dir='ltr'>recurrant?</span> 
     </span>
     <span class='ocr_line' id='line_1_29' title="bbox 261 2390 1955 2471; baseline -0.003 -19"><span class='ocrx_word' id='word_1_204' title='bbox 261 2401 328 2452; x_wconf 89' lang='lat' dir='ltr'>ut</span> <span class='ocrx_word' id='word_1_205' title='bbox 355 2393 571 2471; x_wconf 86' lang='lat' dir='ltr'>aliquid</span> <span class='ocrx_word' id='word_1_206' title='bbox 606 2393 748 2451; x_wconf 85' lang='lat' dir='ltr'>scire</span> <span class='ocrx_word' id='word_1_207' title='bbox 783 2412 842 2450; x_wconf 92' lang='lat' dir='ltr'>se</span> <span class='ocrx_word' id='word_1_208' title='bbox 875 2390 1200 2468; x_wconf 65' lang='lat' dir='ltr'>gaudeant?</span> <span class='ocrx_word' id='word_1_209' title='bbox 1241 2397 1309 2449; x_wconf 91' lang='lat' dir='ltr'>ut</span> <span class='ocrx_word' id='word_1_210' title='bbox 1341 2391 1401 2448; x_wconf 90' lang='lat' dir='ltr'>id</span> <span class='ocrx_word' id='word_1_211' title='bbox 1436 2390 1562 2448; x_wconf 87' lang='lat' dir='ltr'>aliis</span> <span class='ocrx_word' id='word_1_212' title='bbox 1594 2409 1821 2448; x_wconf 87' lang='lat' dir='ltr'>narrare</span> <span class='ocrx_word' id='word_1_213' title='bbox 1854 2410 1955 2467; x_wconf 85' lang='lat' dir='ltr'>ge-</span> 
     </span>
     <span class='ocr_line' id='line_1_30' title="bbox 261 2470 1953 2549; baseline -0.002 -17"><span class='ocrx_word' id='word_1_214' title='bbox 261 2474 475 2532; x_wconf 66' lang='lat' dir='ltr'>stiant?</span> <span class='ocrx_word' id='word_1_215' title='bbox 523 2480 590 2531; x_wconf 85' lang='lat' dir='ltr'>ut</span> <span class='ocrx_word' id='word_1_216' title='bbox 621 2492 854 2549; x_wconf 86' lang='lat' dir='ltr'>pompa,</span> <span class='ocrx_word' id='word_1_217' title='bbox 885 2471 1035 2529; x_wconf 88' lang='lat' dir='ltr'>ludis</span> <span class='ocrx_word' id='word_1_218' title='bbox 1075 2478 1248 2548; x_wconf 86' lang='lat' dir='ltr'>atque</span> <span class='ocrx_word' id='word_1_219' title='bbox 1288 2470 1571 2529; x_wconf 90' lang='lat' dir='ltr'>eiusmodi</span> <span class='ocrx_word' id='word_1_220' title='bbox 1610 2472 1953 2546; x_wconf 86' lang='lat' dir='ltr'>spectaculis</span> 
     </span>
     <span class='ocr_line' id='line_1_31' title="bbox 260 2550 1953 2630; baseline -0.003 -18"><span class='ocrx_word' id='word_1_221' title='bbox 260 2559 566 2612; x_wconf 85' lang='lat' dir='ltr'>teneantur</span> <span class='ocrx_word' id='word_1_222' title='bbox 592 2552 667 2611; x_wconf 91' lang='lat' dir='ltr'>ob</span> <span class='ocrx_word' id='word_1_223' title='bbox 696 2571 937 2630; x_wconf 88' lang='lat' dir='ltr'>eamque</span> <span class='ocrx_word' id='word_1_224' title='bbox 963 2569 1081 2609; x_wconf 85' lang='lat' dir='ltr'>rem</span> <span class='ocrx_word' id='word_1_225' title='bbox 1115 2550 1201 2608; x_wconf 85' lang='lat' dir='ltr'>vcl</span> <span class='ocrx_word' id='word_1_226' title='bbox 1229 2550 1447 2608; x_wconf 85' lang='lat' dir='ltr'>famem</span> <span class='ocrx_word' id='word_1_227' title='bbox 1479 2558 1539 2608; x_wconf 84' lang='lat' dir='ltr'>et</span> <span class='ocrx_word' id='word_1_228' title='bbox 1572 2550 1730 2608; x_wconf 89' lang='lat' dir='ltr'>sitim</span> <span class='ocrx_word' id='word_1_229' title='bbox 1764 2551 1953 2627; x_wconf 84' lang='lat' dir='ltr'>perfe-</span> 
     </span>
     <span class='ocr_line' id='line_1_32' title="bbox 261 2630 1955 2709; baseline -0.003 -17"><span class='ocrx_word' id='word_1_230' title='bbox 261 2636 428 2692; x_wconf 67' lang='lat' dir='ltr'>rant?</span> <span class='ocrx_word' id='word_1_231' title='bbox 508 2631 665 2702; x_wconf 82' lang='lat' dir='ltr'>Quid</span> <span class='ocrx_word' id='word_1_232' title='bbox 697 2634 868 2690; x_wconf 67' lang='lat' dir='ltr'>vero?</span> <span class='ocrx_word' id='word_1_233' title='bbox 911 2634 1010 2709; x_wconf 90' lang='lat' dir='ltr'>qui</span> <span class='ocrx_word' id='word_1_234' title='bbox 1050 2630 1319 2707; x_wconf 84' lang='lat' dir='ltr'>ingenuis</span> <span class='ocrx_word' id='word_1_235' title='bbox 1361 2630 1569 2689; x_wconf 88' lang='lat' dir='ltr'>studiis</span> <span class='ocrx_word' id='word_1_236' title='bbox 1609 2640 1783 2707; x_wconf 87' lang='lat' dir='ltr'>atquc</span> <span class='ocrx_word' id='word_1_237' title='bbox 1817 2631 1955 2688; x_wconf 86' lang='lat' dir='ltr'>arti-</span> 
     </span>
     <span class='ocr_line' id='line_1_33' title="bbox 262 2710 1953 2783; baseline -0.002 -12"><span class='ocrx_word' id='word_1_238' title='bbox 262 2714 371 2771; x_wconf 92' lang='lat' dir='ltr'>bus</span> <span class='ocrx_word' id='word_1_239' title='bbox 403 2712 774 2783; x_wconf 84' lang='lat' dir='ltr'>delectantur,</span> <span class='ocrx_word' id='word_1_240' title='bbox 806 2730 997 2769; x_wconf 90' lang='lat' dir='ltr'>nonne</span> <span class='ocrx_word' id='word_1_241' title='bbox 1030 2712 1293 2769; x_wconf 89' lang='lat' dir='ltr'>videmus</span> <span class='ocrx_word' id='word_1_242' title='bbox 1333 2729 1433 2769; x_wconf 88' lang='lat' dir='ltr'>eos</span> <span class='ocrx_word' id='word_1_243' title='bbox 1466 2729 1570 2769; x_wconf 89' lang='lat' dir='ltr'>nec</span> <span class='ocrx_word' id='word_1_244' title='bbox 1603 2710 1953 2768; x_wconf 89' lang='lat' dir='ltr'>valetudinis</span> 
     </span>
     <span class='ocr_line' id='line_1_34' title="bbox 262 2790 1952 2868; baseline 0.001 -21"><span class='ocrx_word' id='word_1_245' title='bbox 262 2811 367 2847; x_wconf 91' lang='lat' dir='ltr'>nec</span> <span class='ocrx_word' id='word_1_246' title='bbox 394 2793 477 2847; x_wconf 88' lang='lat' dir='ltr'>rei</span> <span class='ocrx_word' id='word_1_247' title='bbox 505 2791 803 2848; x_wconf 84' lang='lat' dir='ltr'>familiaris</span> <span class='ocrx_word' id='word_1_248' title='bbox 833 2790 1039 2848; x_wconf 84' lang='lat' dir='ltr'>habere</span> <span class='ocrx_word' id='word_1_249' title='bbox 1067 2790 1350 2848; x_wconf 87' lang='lat' dir='ltr'>rationem</span> <span class='ocrx_word' id='word_1_250' title='bbox 1386 2790 1694 2868; x_wconf 87' lang='lat' dir='ltr'>omniaque</span> <span class='ocrx_word' id='word_1_251' title='bbox 1721 2791 1952 2867; x_wconf 85' lang='lat' dir='ltr'>perpeti</span> 
     </span>
     <span class='ocr_line' id='line_1_35' title="bbox 262 2869 1953 2945; baseline 0.002 -23"><span class='ocrx_word' id='word_1_252' title='bbox 262 2869 389 2941; x_wconf 88' lang='lat' dir='ltr'>ipsa</span> <span class='ocrx_word' id='word_1_253' title='bbox 428 2869 759 2942; x_wconf 89' lang='lat' dir='ltr'>cognitione</span> <span class='ocrx_word' id='word_1_254' title='bbox 792 2876 852 2925; x_wconf 89' lang='lat' dir='ltr'>et</span> <span class='ocrx_word' id='word_1_255' title='bbox 885 2869 1123 2926; x_wconf 88' lang='lat' dir='ltr'>scientia</span> <span class='ocrx_word' id='word_1_256' title='bbox 1164 2876 1367 2945; x_wconf 85' lang='lat' dir='ltr'>captos</span> <span class='ocrx_word' id='word_1_257' title='bbox 1400 2877 1460 2927; x_wconf 91' lang='lat' dir='ltr'>et</span> <span class='ocrx_word' id='word_1_258' title='bbox 1501 2889 1633 2928; x_wconf 89' lang='lat' dir='ltr'>eum</span> <span class='ocrx_word' id='word_1_259' title='bbox 1678 2871 1953 2927; x_wconf 88' lang='lat' dir='ltr'>maximis</span> 
     </span>
     <span class='ocr_line' id='line_1_36' title="bbox 263 2944 1956 3026; baseline 0.006 -28"><span class='ocrx_word' id='word_1_260' title='bbox 263 2944 412 2999; x_wconf 88' lang='lat' dir='ltr'>curis</span> <span class='ocrx_word' id='word_1_261' title='bbox 439 2953 498 2999; x_wconf 91' lang='lat' dir='ltr'>et</span> <span class='ocrx_word' id='word_1_262' title='bbox 525 2944 815 3002; x_wconf 87' lang='lat' dir='ltr'>laboribus</span> <span class='ocrx_word' id='word_1_263' title='bbox 843 2966 1212 3022; x_wconf 87' lang='lat' dir='ltr'>compensare</span> <span class='ocrx_word' id='word_1_264' title='bbox 1246 2967 1390 3018; x_wconf 86' lang='lat' dir='ltr'>eam,</span> <span class='ocrx_word' id='word_1_265' title='bbox 1418 2968 1588 3026; x_wconf 88' lang='lat' dir='ltr'>quam</span> <span class='ocrx_word' id='word_1_266' title='bbox 1625 2968 1695 3006; x_wconf 88' lang='lat' dir='ltr'>cx</span> <span class='ocrx_word' id='word_1_267' title='bbox 1730 2950 1956 3008; x_wconf 90' lang='lat' dir='ltr'>discen-</span> 
     </span>
     <span class='ocr_line' id='line_1_37' title="bbox 262 3019 1956 3105; baseline 0.01 -34"><span class='ocrx_word' id='word_1_268' title='bbox 262 3019 340 3073; x_wconf 87' lang='lat' dir='ltr'>do</span> <span class='ocrx_word' id='word_1_269' title='bbox 383 3020 631 3101; x_wconf 71' lang='lat' dir='ltr'>capiant,</span> <span class='ocrx_word' id='word_1_270' title='bbox 660 3022 1052 3097; x_wconf 65' lang='lat' dir='ltr'>voluptatem?</span> <span class='ocrx_word' id='word_1_271' title='bbox 1135 3031 1229 3083; x_wconf 87' lang='lat'>49.</span> <span class='ocrx_word' id='word_1_272' title='bbox 1269 3026 1415 3084; x_wconf 90' lang='lat' dir='ltr'>Mihi</span> <span class='ocrx_word' id='word_1_273' title='bbox 1460 3029 1695 3105; x_wconf 90' lang='lat' dir='ltr'>quidem</span> <span class='ocrx_word' id='word_1_274' title='bbox 1730 3029 1956 3089; x_wconf 89' lang='lat' dir='ltr'>Home-</span> 
     </span>
     <span class='ocr_line' id='line_1_38' title="bbox 263 3093 1956 3187; baseline 0.013 -42"><span class='ocrx_word' id='word_1_275' title='bbox 263 3112 358 3147; x_wconf 86' lang='lat' dir='ltr'>rus</span> <span class='ocrx_word' id='word_1_276' title='bbox 392 3093 722 3180; x_wconf 79' lang='lat' dir='ltr'>huiusmodi</span> <span class='ocrx_word' id='word_1_277' title='bbox 756 3101 1032 3173; x_wconf 87' lang='lat' dir='ltr'>quiddam</span> <span class='ocrx_word' id='word_1_278' title='bbox 1067 3103 1277 3161; x_wconf 89' lang='lat' dir='ltr'>vidisse</span> <span class='ocrx_word' id='word_1_279' title='bbox 1313 3106 1539 3165; x_wconf 90' lang='lat' dir='ltr'>videtur</span> <span class='ocrx_word' id='word_1_280' title='bbox 1578 3109 1639 3165; x_wconf 91' lang='lat' dir='ltr'>in</span> <span class='ocrx_word' id='word_1_281' title='bbox 1682 3109 1770 3180; x_wconf 83' lang='lat' dir='ltr'>iis,</span> <span class='ocrx_word' id='word_1_282' title='bbox 1804 3129 1956 3187; x_wconf 83' lang='lat' dir='ltr'>quae</span> 
     </span>
     <span class='ocr_line' id='line_1_39' title="bbox 262 3167 1970 3261; baseline 0.016 -41"><span class='ocrx_word' id='word_1_283' title='bbox 262 3167 336 3222; x_wconf 87' lang='lat' dir='ltr'>de</span> <span class='ocrx_word' id='word_1_284' title='bbox 368 3167 633 3225; x_wconf 75' lang='lat' dir='ltr'>Sirenum</span> <span class='ocrx_word' id='word_1_285' title='bbox 674 3176 937 3233; x_wconf 84' lang='lat' dir='ltr'>cantibus</span> <span class='ocrx_word' id='word_1_286' title='bbox 969 3177 1214 3239; x_wconf 83' lang='lat' dir='ltr'>finxerit.</span> <span class='ocrx_word' id='word_1_287' title='bbox 1299 3182 1505 3261; x_wconf 88' lang='lat' dir='ltr'>Neque</span> <span class='ocrx_word' id='word_1_288' title='bbox 1547 3188 1702 3245; x_wconf 88' lang='lat' dir='ltr'>enim</span> <span class='ocrx_word' id='word_1_289' title='bbox 1740 3207 1970 3248; x_wconf 80' lang='lat' dir='ltr'>vocum-</span> 
     </span>
    </p>
   </div>
  </div>
 </body>
</html>
