2259 3467
246 134 310 181 98
413 131 513 181 DE
547 131 836 182 FINIBUS
869 130 1223 182 BONORUM
1254 131 1348 181 ET
1381 130 1759 182 MALORUM.

245 231 336 290 dis
368 232 856 317 compler'bvitam
898 232 1124 290 beatam
1168 238 1393 309 putant,
1424 233 1607 290 nostri
1640 233 1784 290 nihil
1828 235 1935 292 mi—

245 332 370 371 nuS.
454 312 605 371 Nam
634 332 767 370 cum
796 314 878 370 ita
905 312 1142 389 placeat,
1169 332 1239 370 ne
1269 332 1479 381 eorum
1492 313 1935 390 quidem'bono-

244 412 390 463 rum,
415 412 559 470 quae
588 409 694 450 nos
722 392 875 450 bona
896 412 1024 450 vere
1052 393 1424 469 appellemuS,
1448 393 1775 470 frequentia
1801 394 1933 452 bea-

244 473 452 530 tiorem
487 473 664 529 vitam
697 471 821 530 fieri
853 479 953 530 aut
986 473 1171 549 magis
1205 473 1584 549 expetendam
1618 480 1719 531 aut
1749 473 1933 550 pluris

244 552 676 622 aestimandam,
697 560 848 610 certe
876 552 1068 610 minus
1100 552 1177 609 ad
1210 551 1435 610 beatam
1471 553 1648 611 vitam
1678 554 1932 631 pertinet

243 630 560 690 multitudo
604 632 861 709 corporis
908 632 1366 690 commodorum.
1452 638 1546 691 44.
1591 632 1844 705 Etenim,
1880 635 1930 691 si

244 720 305 769 et
358 732 554 790 sapere
609 712 993 789 expetendum
1056 712 1132 769 sit
1189 719 1250 770 et
1307 711 1509 785 valere,
1557 712 1929 771 coniunctum

243 803 551 870 utrumque
572 793 757 870 magis
784 792 1169 869 expetendum
1201 793 1278 850 sit
1299 811 1469 869 quam
1502 812 1697 869 sapere
1720 793 1927 865 solum,

245 892 429 951 neque
461 881 673 944 tamen,
698 873 746 930 si
780 880 1086 949 utrumque
1120 872 1198 930 sit
1230 872 1628 931 aestimatione
1662 873 1926 949 dignum,

244 953 422 1029 pluris
444 954 521 1011 sit
548 954 916 1011 coniunctum
943 972 1114 1030 quam
1139 972 1334 1029 sapere
1362 953 1551 1029 ipsum
1583 960 1925 1030 separatum.

244 1032 412 1104 Nam,
445 1033 544 1110 qui
581 1032 967 1091 valetudinem
1013 1033 1412 1090 aestimatione
1456 1032 1649 1110 aliqua
1690 1032 1927 1108 dignam

243 1112 562 1170 iudicamus
585 1132 768 1190 neque
791 1132 915 1170 eam
938 1119 1133 1170 tamen
1163 1113 1224 1170 in
1248 1111 1415 1173 bonis
1436 1114 1725 1189 ponimuS‚
1750 1113 1929 1170 iidem

242 1211 554 1264 censemuS,
585 1193 800 1250 nullam
836 1212 956 1250 esse
989 1199 1211 1250 tantam
1254 1193 1730 1264 aestimationem,
1762 1199 1829 1250 ut
1861 1212 1931 1251 ea

241 1272 441 1329 virtuti
497 1279 915 1350 anteponatur3
960 1272 1119 1350 quod
1174 1272 1327 1330 idem
1385 1271 1757 1349 Peripatetici
1806 1292 1927 1330 non

241 1358 457 1425 tenent,
490 1351 697 1430 quibus
731 1353 1037 1411 dicendum
1085 1359 1189 1425 est,
1222 1372 1367 1430 quae
1400 1359 1459 1409 et
1497 1352 1740 1409 honesta
1772 1352 1927 1410 actio

242 1433 317 1490 sit
345 1440 403 1490 et
432 1433 552 1491 siue
581 1433 793 1505 dolore,
815 1452 941 1490 eam
971 1433 1155 1508 magis
1183 1452 1304 1490 esse
1333 1432 1730 1509 expetendam,
1752 1451 1926 1510 quam

241 1513 290 1570 si
320 1519 467 1571 essct
495 1514 693 1572 eadem
723 1514 874 1571 actio
903 1533 1034 1571 cum
1063 1511 1277 1570 dolore.
1362 1511 1549 1570 Nobis
1582 1512 1746 1569 aliter
1772 1513 1929 1570 vide-

239 1600 367 1667 t-ur3
403 1601 554 1651 recte
576 1613 826 1666 secusne,
847 1599 1081 1671 postea3
1118 1592 1220 1651 sed
1242 1599 1509 1669 potestne
1531 1611 1716 1650 rerum
1741 1592 1927 1651 maior

240 1692 360 1731 esse
390 1674 705 1733 dissensio?
1181 1719 1187 1725 .

319 1754 486 1814 XIV.
571 1759 665 1811 45.
710 1753 799 1813 Ut
827 1754 980 1812 enim
1006 1752 1342 1812 obscuratur
1368 1759 1427 1811 et
1456 1752 1778 1811 offunditur
1797 1752 1925 1811 lucc

239 1834 375 1891 solis
420 1834 613 1892 lumen
659 1833 936 1905 lucernae,
960 1842 1026 1892 ‘et
1064 1841 1130 1891 ut
1174 1834 1373 1891 interit
1415 1833 1479 1889 in
1522 1833 1923 1909 magnitudine

237 1913 410 1971 maris
438 1914 655 1992 Aegaei
685 1914 836 1972 stilla
863 1914 1047 1972 mellis
1076 1920 1135 1972 et
1169 1922 1235 1971 ut
1267 1914 1328 1970 in
1362 1913 1581 1970 divitiis
1610 1913 1807 1971 Croesi
1841 1921 1924 1971 te-

237 1994 422 2051 runcii
465 1993 711 2051 accessio
756 2001 815 2052 et
858 1994 1069 2071 gradus
1114 2013 1263 2051 unus
1306 1994 1367 2051 in
1402 2012 1469 2050 ea
1507 1993 1614 2063 via,
1646 2011 1791 2069 quae
1832 2000 1924 2051 est

235 2072 371 2130 hinc
400 2074 459 2130 in
495 2073 742 2144 Indiam,
773 2074 870 2145 sic,
895 2093 1024 2131 cum
1061 2074 1137 2131 sit
1170 2074 1219 2131 is
1255 2074 1540 2131 bonorum
1574 2071 1721 2144 finis,
1748 2091 1919 2150 quem

236 2151 418 2210 Stoici
452 2153 668 2224 dicunt,
703 2155 891 2211 omnis
931 2154 1042 2212 ista
1081 2173 1272 2211 rerum
1314 2172 1714 2229 corporearum
1756 2154 1920 2212 aesti-

235 2233 416 2290 matio
451 2233 751 2310 splendore
785 2235 1013 2291 virtutis
1051 2240 1109 2291 et
1154 2234 1551 2310 magnitudine
1586 2232 1920 2291 obscuretur

235 2321 294 2370 et
316 2312 589 2371 obruatur
617 2321 788 2391 atque
818 2315 1076 2385 intereat,
1101 2333 1328 2371 necesse
1356 2320 1458 2371 est'.
1542 2313 1621 2370 Et
1648 2313 1918 2390 quemad-

234 2393 471 2451 modum
505 2395 907 2471 opportunitas
926 2389 1032 2469 (sic
1061 2395 1215 2451 enim
1240 2393 1591 2471 appellemus
1612 2391 1914 2470 εὒκαιρίαν)

232 2492 351 2531 non
401 2474 467 2532 fit
508 2474 691 2531 maior
739 2474 1118 2550 productione
1167 2474 1446 2551 temporis
1476 2469 1715 2548 (habent
1757 2474 1913 2531 enim

233 2573 418 2611 suum·
442 2554 698 2624 modum,
732 2573 875 2632 quae
917 2561 1245 2631 opportuna
1286 2551 1598 2630 dicuutur),
1630 2554 1712 2611 sic
1760 2561 1916 2611 recta

232 2633 461 2693 effectio
492 2630 860 2711 (κατόρθωσιν
892 2634 1045 2691 enim
1082 2634 1165 2691 ita
1206 2633 1450 2711 appello,
1483 2633 1756 2711 quoniam
1801 2652 1917 2690 rec-

230 2719 356 2771 tum
405 2715 626 2773 factum
668 2711 1044 2792 κατόρθωμα),
1075 2720 1231 2772 recta
1274 2714 1453 2790 igitur
1495 2713 1741 2785 effectio,
1772 2713 1911 2771 item

231 2795 644 2865 convenientia,
670 2794 917 2872 denique
950 2795 1143 2870 ipsum
1176 2793 1412 2864 bonum,
1440 2793 1597 2869 quod
1629 2793 1688 2849 in
1718 2812 1788 2850 eo
1814 2812 1916 2869 po-

231 2871 406 2927 sit-um
441 2879 543 2944 est,
575 2880 641 2930 ut
674 2876 908 2931 naturae
942 2872 1280 2943 consentiat,
1312 2872 1603 2930 crescendi
1643 2873 1913 2930 accessio-

230 2967 360 3005 nem
391 2951 604 3008 nullam
636 2952 823 3010 habet.
909 2957 1003 3009 46.
1047 2951 1137 3011 Ut
1171 2953 1326 3009 enim
1360 2952 1765 3028 opportunitas
1796 2951 1910 3023 illa,

230 3027 310 3083 sic
346 3027 500 3098 haec,
525 3030 597 3086 de
633 3029 839 3107 quibus
873 3031 1009 3102 dixi,
1034 3050 1149 3087 non
1187 3031 1334 3088 fiunt
1361 3032 1639 3108 temporis
1672 3032 1915 3109 produc-

229 3106 387 3161 tione
416 3108 650 3176 maiora,
676 3109 750 3165 ob
780 3129 1019 3186 eamque
1047 3129 1274 3167 causam
1306 3109 1517 3167 Stoicis
1544 3131 1660 3168 nou
1686 3112 1914 3170 videtur

230 3184 539 3261 optabilior
593 3206 695 3243 nec
755 3190 936 3265 magis
985 3190 1305 3266 expetenda
1358 3189 1528 3249 beata
1575 3193 1708 3265 vita,
1746 3192 1794 3249 si
1833 3191 1916 3250 sit
