2259 3467
266 127 298 173 2
431 125 530 174 DE
562 125 852 175 FINIBUS
884 122 1240 174 BONORUM
1274 124 1366 172 ET
1400 120 1776 172 MALORUM.

271 239 441 274 sensus
462 232 601 274 motu
625 224 843 288 quodam
867 224 1046 285 titillet,
1070 224 1156 273 sed
1180 224 1454 273 maximam
1477 225 1612 273 illam
1634 224 1813 288 putari,
1830 240 1959 289 quae

270 290 570 353 percipiatur
592 291 728 338 omni
752 290 921 338 dolore
942 299 1135 338 remoto
1152 290 1213 350 (c.
1231 290 1326 353 11).
1379 291 1442 338 In
1463 291 1556 338 hac
1579 305 1685 339 esse
1707 306 1956 340 summum

273 357 470 416 bonum,
496 355 641 403 facile
664 354 882 416 intellegi
906 370 1061 417 posse,
1084 357 1249 418 posita
1276 364 1390 404 ante
1412 356 1579 404 oculos
1601 357 1817 417 imagine
1843 372 1957 406 cum

270 422 392 480 eius,
413 422 499 483 qui
529 421 759 469 omnibus
789 421 1119 483 voluptatibus
1153 421 1361 481 fruatur,
1384 421 1521 474 nulla
1553 437 1606 469 re
1637 422 1951 484 impediente,

272 496 378 536 tum
402 487 521 547 eius,
537 486 621 549 qui
643 486 693 533 in
713 501 908 534 summo
929 486 1110 534 doloris
1136 487 1353 535 cruciatu
1378 487 1458 536 sit.
1507 487 1684 549 Itaque
1707 503 1957 536 summum

270 567 379 601 esse
401 552 583 601 bonum
611 551 822 600 iucunde
843 551 1006 600 vivere
1028 551 1097 614 (c.
1123 551 1226 613 12).
1298 552 1524 600 Virtutes
1553 563 1719 601 autem
1743 567 1842 601 non
1869 568 1957 615 per

272 631 325 665 se
357 617 540 680 expeti,
569 617 655 666 sed
683 617 820 680 quod
853 617 1011 665 multa
1043 617 1255 666 afferant
1285 618 1350 665 ad
1377 617 1589 666 iucunde
1615 627 1665 666 et
1691 619 1958 681 tranquille

271 682 566 740 vivendum3
604 682 656 731 id
684 683 828 731 facile
854 683 1062 745 perspici
1090 683 1141 730 in
1171 682 1411 744 sapientia
1437 683 1539 731 sive
1564 682 1825 745 prudentia
1852 682 1955 744 (ubi

271 748 424 797 etiam
444 748 768 811 cupiditatum
793 748 969 796 divisio
990 748 1284 809 attingitur),
1300 750 1637 810 temperantia,
1653 748 1955 806 fortitudine,

272 814 461 862 iustitia
486 812 545 875 (c.
572 813 764 876 13-16).
838 813 1162 875 Voluptatem
1190 822 1240 862 et
1264 814 1486 862 dolorem
1516 814 1668 861 animi
1696 829 1725 862 e
1752 829 1956 876 corpore

272 880 405 939 oriri,
428 894 518 928 nec
550 887 714 928 tamen
749 893 850 927 non
883 880 1043 927 maius
1076 894 1185 928 esse
1217 879 1374 927 multo
1407 888 1669 942 utrumque
1701 880 1752 927 in
1787 880 1956 927 animo

271 960 423 1008 quam
452 945 501 993 in
530 959 749 1007 corpore,
772 944 904 1007 quod
934 945 1025 992 hoc
1052 945 1320 1006 praesentis
1355 943 1515 992 solum
1542 946 1776 1007 temporis
1803 946 1956 1007 parti-

272 1025 387 1073 ceps
410 1010 490 1070 sit,
513 1011 707 1059 animus
730 1010 993 1072 praeterita
1015 1011 1313 1070 meminerit,
1336 1010 1505 1058 futura
1527 1019 1759 1072 expectet
1780 1013 1840 1070 (c.
1861 1009 1954 1072 17).

273 1076 385 1124 Νοη
403 1091 546 1139 posse
563 1076 773 1124 iucunde
789 1075 900 1133 vivi,
916 1076 1007 1122 nisi
1032 1075 1250 1133 honeste,
1265 1091 1354 1124 nec
1378 1075 1594 1133 honeste,
1610 1076 1705 1124 nisi
1723 1076 1950 1124 iucunde.

273 1141 457 1191 Sedato
483 1141 682 1189 demum
711 1141 880 1189 auimo
907 1140 1207 1204 sublatisque
1233 1140 1584 1203 cupiditatibus
1611 1150 1661 1190 et
1689 1142 1956 1190 terroribus

274 1207 417 1255 beate
439 1207 537 1254 vivi
559 1221 702 1269 posse
725 1206 791 1268 (c.
816 1205 918 1268 18).
990 1208 1168 1270 Itaque
1198 1207 1468 1269 sapientem
1496 1221 1689 1269 semper
1713 1221 1821 1254 esse
1841 1207 1956 1254 bea-

273 1280 395 1333 tum,
426 1273 654 1321 fortunae
681 1272 911 1336 potestati
941 1286 1036 1319 non
1067 1271 1279 1320 multum
1308 1272 1597 1321 subiectum.
1669 1272 1956 1320 Dialecticis

273 1338 544 1400 Epicurum
572 1352 670 1385 non
701 1337 913 1386 multum
937 1338 1177 1395 tribuisse,
1194 1338 1326 1400 quod
1350 1352 1409 1385 ea
1437 1336 1501 1385 ad
1526 1338 1669 1386 beate
1690 1337 1954 1386 vivendum

272 1411 436 1452 essent
462 1403 672 1463 inutilia,
700 1402 914 1466 physicis
940 1402 1221 1464 plurimum,
1243 1402 1375 1465 quod
1407 1403 1666 1450 utilissima
1698 1412 1860 1452 essent
1887 1401 1949 1464 (c.

275 1467 372 1530 19).
444 1468 706 1518 Postremo
739 1468 1023 1528 amicitiam,
1048 1483 1353 1531 quamquam
1380 1468 1630 1516 nonnullis
1658 1468 1760 1516 tolli
1787 1468 1956 1516 videa-

273 1543 354 1582 tur
376 1534 579 1597 Epicuri
602 1533 824 1595 decretis,
841 1542 1008 1582 tamen
1031 1532 1108 1582 vel
1131 1534 1353 1582 maxime
1378 1533 1440 1581 ab
1462 1549 1523 1582 eo
1544 1533 1735 1582 laudari
1762 1543 1814 1582 et
1838 1548 1957 1581 con-

273 1599 477 1661 firmari,
499 1600 562 1648 ab
590 1600 802 1648 utilitate
827 1599 1222 1661 proficiscentem
1245 1598 1312 1661 (c.
1340 1597 1444 1662 20).
1518 1600 1776 1648 Summam
1805 1599 1958 1659 igitur

272 1665 485 1725 gratiam
522 1665 738 1728 Epicuro
779 1664 1055 1713 habendam
1098 1678 1220 1724 esse,
1259 1664 1345 1727 qui
1387 1673 1592 1712 naturae
1630 1664 1740 1713 voci
1778 1679 1957 1728 parens

271 1730 405 1779 viam
427 1730 600 1780 beatae
625 1740 676 1779 et
699 1730 892 1792 quietae
913 1730 1044 1778 vitae
1066 1730 1414 1778 monstraverit
1436 1729 1497 1791 (c.
1523 1729 1622 1792 21).

338 1796 397 1845 L.
414 1795 633 1844 Manlius
653 1796 951 1858 Torquatus,
966 1796 1051 1857 qui
1075 1796 1124 1843 in
1145 1795 1239 1843 hoc
1259 1795 1385 1843 libro
1406 1796 1589 1858 primas
1613 1803 1776 1857 partes
1793 1794 1957 1852 habet,

271 1861 402 1909 filius
429 1862 525 1910 fuit
548 1862 609 1910 L.
628 1861 773 1922 illius,
797 1861 883 1924 qui
911 1876 1024 1909 cum
1048 1861 1107 1909 L.
1131 1861 1285 1909 Cotta
1311 1861 1619 1909 consulatum
1646 1861 1797 1921 gessit
1823 1876 1871 1910 a.
1892 1863 1957 1908 65

272 1942 316 1975 a.
343 1927 436 1977 Ch.
461 1942 510 1975 n.
534 1927 617 1988 (de
644 1942 742 1989 quo
770 1926 960 1974 dicetur
993 1926 1057 1974 ad
1084 1927 1182 1985 ΙΙ.,
1206 1927 1307 1987 62).
1378 1925 1506 1974 Inde
1532 1926 1596 1973 ab
1623 1925 1960 1975 adulescentia

271 2007 385 2040 cum
420 2001 575 2054 patre,
604 1993 690 2054 qui
725 1991 977 2041 Ciceronis
1010 1991 1377 2054 condiscipulus
1415 1990 1578 2039 suerat
1610 1988 1786 2054 (Corn.
1814 1988 1952 2053 Nep.

273 2057 386 2107 Att.
417 2060 485 2119 1),
509 2057 721 2105 multum
748 2057 986 2105 Cicerone
1017 2072 1132 2104 usus
1162 2065 1252 2115 est,
1274 2065 1325 2104 et
1350 2057 1402 2103 in
1430 2056 1535 2103 eius
1560 2057 1879 2105 contubemio
1906 2058 1958 2104 in

274 2122 533 2171 consulatu
567 2122 662 2170 fuit
695 2123 819 2183 (pro
854 2118 999 2169 Sulla
1033 2125 1089 2169 11
1126 2132 1179 2170 et
1211 2123 1316 2182 34).
1386 2121 1444 2170 L.
1475 2122 1680 2182 Sullam,
1711 2123 1865 2185 patris
1905 2122 1958 2170 in

272 2188 534 2236 consulatu
556 2187 944 2250 competitorem,
972 2201 1070 2234 una
1092 2202 1203 2234 cum
1229 2197 1368 2249 patre
1390 2187 1605 2235 ambitus
1631 2188 1882 2235 accusavit
1908 2194 1960 2235 et

274 2254 528 2301 damnavit
561 2254 680 2315 (ΙΙ.,
711 2255 791 2313 62,
817 2269 913 2315 pro
947 2250 1096 2302 Sulla
1128 2252 1234 2313 49),
1268 2263 1440 2314 postea
1478 2253 1690 2301 eundem
1723 2268 1768 2302 a.
1798 2255 1861 2301 62
1896 2252 1960 2300 de

273 2318 613 2367 coniuratione
640 2319 820 2366 frustra
847 2318 1112 2377 accusavit,
1132 2317 1429 2366 defendente
1451 2318 1705 2378 Cicerone,
1723 2332 1851 2380 quae
1872 2318 1960 2366 de-

273 2384 431 2432 fensio
452 2393 609 2433 extut.
682 2384 751 2433 A.
774 2385 837 2431 49
861 2391 1144 2445 praeturam
1168 2383 1391 2443 gessisse,
1415 2383 1716 2443 intellegitur
1740 2398 1808 2431 ex
1835 2383 1962 2432 Cae·

273 2450 397 2497 saris
436 2449 521 2497 lib.
546 2449 589 2497 Ι.
619 2448 680 2496 Β.
711 2448 770 2497 C.
799 2449 898 2508 24;
942 2448 995 2496 in
1033 2447 1129 2496 hoc
1170 2462 1399 2496 sermone
1438 2448 1725 2510 designatus
1763 2458 1962 2511 praetor

278 2514 530 2563 inducitur
560 2513 644 2561 lib.
674 2513 769 2572 IL,
800 2513 893 2571 743
932 2512 1099 2573 itaque
1130 2512 1173 2559 is
1205 2526 1250 2558 a.
1278 2513 1343 2558 50
1377 2511 1572 2559 habitus
1604 2511 1823 2571 fingitur.
1895 2511 1959 2560 In

279 2580 406 2629 bello
416 2578 555 2628 'civili
571 2579 850 2641 Torquatus
868 2577 1166 2638 Pompeium
1184 2586 1382 2625 secutus
1401 2574 1498 2638 (ad
1513 2577 1672 2625 Attio.
1694 2577 1844 2637 V11.‚
1862 2579 1955 2637 123

279 2645 395 2707 IX.,
423 2645 481 2709 8)
514 2651 564 2692 et
597 2644 649 2691 in
684 2643 948 2692 Graeciam
975 2652 1307 2704 transgressus
1341 2656 1456 2689 cum
1483 2657 1515 2689 a
1540 2642 1754 2691 Caesare
1787 2650 1961 2705 captus

312 2709 452 2760 Caes.
488 2709 554 2758 B.
591 2706 648 2758 Ο.
681 2709 808 2769 ΙΙΙ.,
844 2708 930 2770 11)
969 2707 1298 2771 dimissusque
1336 2716 1480 2767 esset,
1507 2707 1561 2755 iu
1597 2707 1774 2756 Africa
1814 2708 1961 2770 periit

275 2709 454 2837 {Be-ut.
479 2778 591 2834 265,
618 2772 799 2835 Script.
825 2772 884 2821 de
914 2772 976 2822 B.
1000 2772 1168 2837 Afric.
1192 2774 1297 2834 96).
1371 2773 1548 2821 Studia
1571 2774 1678 2821 eius
1705 2773 1882 2822 Cicero
1908 2773 1964 2820 int

276 2842 437 2890 Bruto
469 2840 618 2902 (265)
654 2841 730 2888 bis
757 2840 915 2888 verbis
949 2840 1147 2888 laudat:
1186 2836 1251 2888 L.
1289 2835 1582 2901 Torquatum
1608 2853 1701 2886 non
1736 2844 1837 2884 tam
1863 2837 1963 2885 cito

276 2908 513 2955 rhetorem
557 2904 780 2967 dixisses,
815 2907 904 2954 etsi
939 2921 1031 2953 non
1070 2903 1243 2952 deerat
1286 2906 1456 2965 orati0,
1486 2920 1644 2967 qaam,
1676 2912 1732 2951 ut
1776 2902 1963 2952 Graeci

276 2972 461 3033 dicunt,
495 2972 768 3020 πολιτικόν.
841 2970 1013 3020 Erant
1051 2970 1105 3019 in
1145 2986 1198 3018 eo
1226 2968 1467 3031 plurimae
1508 2967 1722 3028 litterae,
1750 2984 1836 3024 nec
1875 2983 1963 3016 eae

277 3037 516 3101 vulyareS,
548 3039 641 3087 sed
674 3038 927 3086 iata-iores
965 3036 1200 3099 quaedam
1244 3044 1292 3083 et
1336 3035 1628 3094 reconditae,
1659 3035 1830 3083 divina
1870 3051 1963 3082 me-
2018 3090 2026 3097 ⁵

277 3104 451 3164 moria,
481 3119 664 3151 summa
704 3102 951 3152 verborum
994 3111 1042 3150 et
1077 3103 1310 3165 yravitas
1353 3109 1398 3148 et
1445 3100 1709 3163 eleqantia.
1797 3100 1964 3162 Atque

274 3168 394 3219 haec
416 3171 576 3220 omnia
595 3169 729 3218 vitae
753 3167 1011 3218 decorabat
1030 3169 1260 3233 yram-itas
1282 3174 1329 3214 et
1350 3167 1626 3230 intem-itas.
1698 3166 1777 3215 Ea
1799 3164 1966 3215 studia
