2259 3467
20 0 206 174 Γ,

698 103 855 153 “Ia-113.
885 103 1004 165 IV„
1035 102 1193 153 CAP.
1223 102 1539 153 XII.-X1V.
1815 104 1822 108 ’
1894 105 1990 153 125

293 204 470 282 poris,
491 222 637 281 quae
666 223 953 261 summurn
979 202 1195 261 bonurn
1226 221 1341 260 non
1372 202 1431 260 in
1454 209 1583 261 toto
1612 201 1864 274 homine,
1890 203 1989 261 sed

294 287 355 342 in
393 295 556 362 part-e
591 283 845 342 hominis
877 285 1155 361 poneret?
1236 282 1547 353 Quomodo
1589 290 1800 354 autem,
1832 283 1991 360 quod

296 366 410 442 ipsi
452 364 629 422 etiam
664 364 922 421 fatentur
962 371 1301 441 constatque
1338 364 1490 421 inter
1522 382 1739 432 omnes
1769 382 1992 421 conser-

294 444 542 513 vabitur,
573 450 641 501 ut
679 443 864 501 simile
902 444 979 501 sit
1017 444 1276 502 omnium
1317 451 1647 502 naturarum
1683 442 1823 501 illud
1860 442 1991 501 ulti-

296 544 479 595 mum,
503 524 576 581 de
607 543 722 601 quo
751 524 1082 601 quaeritur?
1162 524 1313 582 Tum
1347 523 1500 582 enim
1537 530 1687 581 esset
1714 522 1916 594 simile,
1941 524 1991 581 si

295 605 356 662 in
403 604 608 662 ceteris
641 623 871 682 quoque
913 604 1133 661 naturis
1174 604 1237 661 id
1269 605 1476 681 cuique
1517 610 1665 661 esset
1698 603 1987 674 ultimum,

298 683 456 761 quod
506 684 566 740 in
612 703 836 761 quaque
884 684 1198 742 excelleret.
1283 684 1421 742 Tale
1470 684 1620 741 enim
1667 683 1851 741 visum
1902 692 1993 741 est

296 764 570 821 ultimum
614 763 958 821 Stoicorum.
1047 769 1140 822 34.
1177 763 1335 834 Quid
1376 763 1608 821 dubitas
1648 764 1827 840 igitur
1866 784 1993 821 mu-

296 853 418 901 tare
446 844 734 921 principia
761 845 1033 903 naturae?
1117 843 1274 914 Quid
1303 844 1455 902 enim
1487 844 1647 915 dicis,
1673 863 1844 901 omne
1872 845 1992 900 ani-

296 923 431 995 mal,
463 922 632 981 simul
676 932 849 1000 atque
891 925 967 982 sit
1015 931 1227 996 ortum,
1256 924 1608 1002 applicatum
1652 943 1773 982 esse
1813 923 1888 981 ad
1929 944 1991 981 se
2046 995 2049 998 Ι

298 1003 656 1081 diligendum
703 1023 937 1081 esseque
980 1004 1036 1061 in
1073 1025 1135 1063 se
1176 1004 1565 1063 conservando
1608 1005 1991 1081 occupatum?

299 1084 440 1160 quin
473 1084 672 1161 potius
707 1084 788 1142 ita
820 1085 982 1156 dicis,
1013 1104 1186 1143 omne
1227 1084 1437 1142 animal
1480 1084 1830 1162 applicatum
1867 1103 1991 1141 esse

297 1163 374 1221 ad
400 1163 480 1235 id,
502 1164 656 1241 quod
681 1164 743 1221 in
771 1184 841 1222 eo
870 1165 947 1222 sit
975 1165 1281 1241 optimum,
1301 1171 1361 1223 et
1387 1165 1446 1221 in
1477 1166 1599 1223 eius
1627 1165 1797 1222 unius
1825 1184 1992 1221 oecu-

296 1251 501 1321 patum
531 1263 654 1302 esse
688 1244 966 1316 custodia,
998 1245 1356 1322 reliquasque
1390 1252 1621 1303 naturas
1653 1245 1797 1302 nihil
1832 1244 1989 1302 aliud

297 1343 484 1400 agere,
520 1324 632 1381 nisi
674 1331 740 1382 ut
782 1325 844 1382 id
884 1333 1239 1393 conservent,
1271 1324 1426 1403 quod
1468 1326 1527 1383 in
1574 1344 1799 1402 quaque
1840 1325 1990 1401 opti-

296 1424 459 1462 mum
518 1404 630 1462 sit?
711 1403 1020 1473 Quomodo
1069 1411 1262 1463 autem
1319 1405 1624 1483 optimum,
1672 1406 1720 1461 si
1769 1405 1989 1461 bonum

296 1491 593 1561 praeterea
619 1483 838 1541 nullum
869 1486 993 1543 est?
1066 1485 1169 1542 Sin
1198 1492 1390 1543 autem
1420 1484 1638 1562 reliqua
1657 1484 1993 1561 appetenda

299 1570 452 1635 sunt,
483 1583 600 1634 cur,
632 1564 788 1641 quod
830 1573 916 1623 est
958 1564 1227 1623 ultimum
1279 1583 1466 1622 rerum
1517 1564 1987 1641 appetendarum,

269 1644 362 1708 ,id
390 1663 506 1701 non
537 1651 638 1702 aut
665 1664 734 1702 ex
765 1644 1025 1702 omnium
1060 1664 1253 1703 earum
1286 1651 1386 1702 aut
1418 1663 1487 1701 ex
1521 1644 1893 1721 plurimarum
1931 1652 1993 1701 et

298 1723 680 1782 maximarum
730 1725 1088 1802 appetitione
1139 1724 1538 1783 concluditur?
1619 1724 1709 1783 Ut
1749 1724 1993 1781 Phidias

298 1811 494 1881 potest
535 1823 570 1861 a
616 1805 804 1882 primo
855 1805 1155 1863 instituere
1201 1804 1431 1881 signum
1480 1803 1654 1881 idque
1701 1803 1987 1881 perficere,

297 1891 496 1962 potest
522 1883 594 1941 ab
623 1883 736 1952 alio
770 1884 1104 1943 inchoatum
1140 1886 1397 1963 accipere
1429 1891 1489 1942 et
1522 1884 1828 1953 absolvere,
1855 1884 1992 1941 huie

299 1965 506 2022 similis
538 1971 641 2022 ‘est
682 1965 994 2042 sapientia3
1044 1984 1161 2023 non
1205 1966 1360 2023 enim
1401 1964 1527 2042 ipsa
1566 1964 1767 2041 genuit
1809 1964 1994 2023 homi-

298 2064 452 2116 nem,
483 2044 583 2103 sed
613 2046 833 2122 aceepit
861 2065 895 2102 a
922 2054 1126 2104 natura
1153 2045 1522 2116 inchoatum3
1567 2045 1713 2103 hane
1742 2064 1879 2121 ergo
1908 2045 1992 2102 in-

299 2132 470 2182 tuens
498 2124 671 2183 debet
698 2125 1028 2184 institutum
1059 2125 1203 2183 illud
1232 2125 1390 2203 quasi
1409 2126 1647 2203 signum
1680 2125 1987 2184 absolvere.

302 2212 394 2262 35.
443 2204 685 2274 Qualem
733 2205 914 2281 igitur
959 2205 1254 2264 hominem
1305 2215 1509 2264 natura
1555 2205 1881 2265 inchoavit?
1932 2213 1995 2263 et

300 2285 459 2363 quod
502 2293 591 2343 est
638 2304 864 2356 mimus
896 2286 1053 2362 quod
1102 2306 1249 2363 opus
1299 2287 1647 2364 sapientiae?
1696 2286 1836 2364 quid
1885 2292 1990 2356 est,

300 2364 568 2443 quodab
611 2385 678 2423 ea
717 2365 937 2423 absolvi
977 2372 1036 2423 et
1077 2366 1271 2443 perfici
1315 2367 1557 2424 debeat?
1638 2366 1701 2424 Si
1742 2366 1886 2424 nihil
1929 2366 1990 2423 in

300 2463 418 2523 quo
453 2444 864 2523 perficiendum
909 2455 997 2504 est
1029 2454 1254 2523 praeter
1286 2447 1524 2504 modum
1567 2446 1786 2521 ingenii
1820 2464 1994 2523 quen-

300 2527 457 2595 dam,
483 2525 545 2582 id
575 2533 678 2596 est,
702 2526 1001 2594 rationem,
1026 2545 1255 2584 neeesse
1283 2535 1387 2596 est,
1410 2527 1542 2583 huie
1571 2525 1838 2583 ultimum
1871 2544 1994 2583 esse

301 2625 371 2663 ex
401 2605 617 2663 virtute
646 2624 846 2681 agere3
890 2607 1129 2664 rationis
1163 2606 1315 2664 enim
1351 2606 1631 2683 perfectio
1661 2614 1748 2662 est
1775 2606 1992 2676 virtus3

302 2685 348 2742 si
393 2684 540 2741 nihil
586 2685 695 2742 nisi
729 2705 953 2761 eorpus,
985 2705 1210 2744 summa
1242 2694 1409 2745 erunt
1442 2686 1555 2747 illa,
1587 2684 1872 2754 valetudo,
1902 2704 1997 2741 va-

301 2765 488 2823 cuitas
508 2764 742 2836 doloriS‚
764 2765 1153 2842 pulchritudO,
1174 2773 1376 2825 cetera.
1452 2766 1617 2824 XIV.
1699 2771 1790 2823 36.
1823 2765 1994 2822 Nune

302 2845 375 2902 de
405 2844 661 2903 hominis
694 2864 921 2902 summo
949 2846 1106 2903 bono
1143 2847 1465 2924 quaen-itum
1509 2846 1648 2923 quid
1683 2846 1861 2922 igitur
1894 2845 1996 2902 du-

301 2924 558 3002 bitamus
591 2925 652 2982 in
686 2932 812 2982 tota
844 2925 966 2983 eius
999 2934 1203 2985 natura
1235 2945 1503 3004 quaerere
1538 2926 1678 3002 quid
1712 2926 1787 2982 sit
1828 2925 1997 2982 effee-

303 3011 426 3063 tum
450 3006 469 3062 2
537 3003 685 3062 Cum
710 3006 862 3062 enim
886 3013 1111 3064 constet
1132 3007 1282 3064 inter
1304 3025 1521 3076 omnes⁹
1541 3025 1711 3062 omne
1741 3004 1992 3061 officium

302 3104 630 3161 munusque
674 3086 985 3161 sapientiae
1018 3087 1075 3142 in
1111 3086 1365 3143 hominis
1406 3084 1562 3143 cultu
1598 3105 1718 3142 esse
1757 3104 1995 3161 occupa-

303 3172 451 3237 tum,
495 3164 594 3223 alii
648 3161 744 3240 (ne
792 3185 886 3223 me
941 3166 1232 3224 existimes
1268 3171 1486 3226 ‚eontra
1533 3164 1761 3224 Stoicos
1807 3164 1993 3222 solum
