<?xml version="1.0" encoding="UTF-8"?>
<!DOCTYPE html PUBLIC "-//W3C//DTD XHTML 1.0 Transitional//EN"
    "http://www.w3.org/TR/xhtml1/DTD/xhtml1-transitional.dtd">
<html xmlns="http://www.w3.org/1999/xhtml" xml:lang="en" lang="en">
 <head>
  <title>
</title>
<meta http-equiv="Content-Type" content="text/html;charset=utf-8" />
  <meta name='ocr-system' content='tesseract 3.04.00' />
  <meta name='ocr-capabilities' content='ocr_page ocr_carea ocr_par ocr_line ocrx_word'/>
</head>
<body>
  <div class='ocr_page' id='page_1' title='image "./definibusbonoru05cicegoog_0044.png"; bbox 0 0 2259 3467; ppageno 0'>
   <div class='ocr_carea' id='block_1_1' title="bbox 273 118 1786 171">
    <p class='ocr_par' dir='ltr' id='par_1_1' title="bbox 273 118 1786 171">
     <span class='ocr_line' id='line_1_1' title="bbox 273 118 1786 171; baseline -0.001 0"><span class='ocrx_word' id='word_1_1' title='bbox 273 122 338 171; x_wconf 77' lang='lat'>34</span> <span class='ocrx_word' id='word_1_2' title='bbox 439 120 537 170; x_wconf 83' lang='lat' dir='ltr'>DE</span> <span class='ocrx_word' id='word_1_3' title='bbox 570 119 858 170; x_wconf 85' lang='lat' dir='ltr'>FINIBUS</span> <span class='ocrx_word' id='word_1_4' title='bbox 892 118 1244 169; x_wconf 87' lang='lat' dir='ltr'>BONORUM</span> <span class='ocrx_word' id='word_1_5' title='bbox 1279 120 1371 168; x_wconf 81' lang='grc' dir='ltr'>ΕΤ</span> <span class='ocrx_word' id='word_1_6' title='bbox 1405 119 1786 171; x_wconf 83' lang='lat' dir='ltr'><strong>MALORUM.</strong></span> 
     </span>
    </p>
   </div>
   <div class='ocr_carea' id='block_1_2' title="bbox 253 219 1963 3268">
    <p class='ocr_par' dir='ltr' id='par_1_2' title="bbox 253 219 1962 1161">
     <span class='ocr_line' id='line_1_2' title="bbox 271 219 1962 301; baseline 0.002 -22"><span class='ocrx_word' id='word_1_7' title='bbox 271 242 405 280; x_wconf 90' lang='lat' dir='ltr'>cum</span> <span class='ocrx_word' id='word_1_8' title='bbox 454 222 557 293; x_wconf 76' lang='lat' dir='ltr'>vie,</span> <span class='ocrx_word' id='word_1_9' title='bbox 592 221 763 279; x_wconf 89' lang='lat' dir='ltr'>velim</span> <span class='ocrx_word' id='word_1_10' title='bbox 813 219 1067 292; x_wconf 85' lang='lat' dir='ltr'>definias,</span> <span class='ocrx_word' id='word_1_11' title='bbox 1099 221 1241 301; x_wconf 90' lang='lat' dir='ltr'>quid</span> <span class='ocrx_word' id='word_1_12' title='bbox 1288 221 1365 278; x_wconf 88' lang='lat' dir='ltr'>sit</span> <span class='ocrx_word' id='word_1_13' title='bbox 1407 221 1689 299; x_wconf 79' lang='lat' dir='ltr'>voluptaS,</span> <span class='ocrx_word' id='word_1_14' title='bbox 1720 222 1793 280; x_wconf 90' lang='lat' dir='ltr'>de</span> <span class='ocrx_word' id='word_1_15' title='bbox 1843 242 1962 301; x_wconf 91' lang='lat' dir='ltr'>quo</span> 
     </span>
     <span class='ocr_line' id='line_1_3' title="bbox 274 300 1958 395; baseline 0.001 -35"><span class='ocrx_word' id='word_1_16' title='bbox 274 303 462 360; x_wconf 88' lang='lat' dir='ltr'>omnis</span> <span class='ocrx_word' id='word_1_17' title='bbox 503 301 643 360; x_wconf 88' lang='lat' dir='ltr'>haec</span> <span class='ocrx_word' id='word_1_18' title='bbox 692 302 950 394; x_wconf 83' lang='lat' dir='ltr'><strong>quaestio</strong></span> <span class='ocrx_word' id='word_1_19' title='bbox 992 309 1095 359; x_wconf 88' lang='lat' dir='ltr'>est.</span> <span class='ocrx_word' id='word_1_20' title='bbox 1182 306 1235 359; x_wconf 82' lang='lat'>6.</span> <span class='ocrx_word' id='word_1_21' title='bbox 1280 300 1440 373; x_wconf 89' lang='lat' dir='ltr'>Quis,</span> <span class='ocrx_word' id='word_1_22' title='bbox 1476 321 1704 395; x_wconf 82' lang='lat' dir='ltr'>quaese,</span> <span class='ocrx_word' id='word_1_23' title='bbox 1750 303 1958 380; x_wconf 90' lang='lat' dir='ltr'>inquit,</span> 
     </span>
     <span class='ocr_line' id='line_1_4' title="bbox 273 380 1962 460; baseline 0.001 -20"><span class='ocrx_word' id='word_1_24' title='bbox 273 390 375 454; x_wconf 88' lang='lat' dir='ltr'>est,</span> <span class='ocrx_word' id='word_1_25' title='bbox 402 383 518 460; x_wconf 87' lang='lat' dir='ltr'>qui,</span> <span class='ocrx_word' id='word_1_26' title='bbox 544 382 684 460; x_wconf 90' lang='lat' dir='ltr'>quid</span> <span class='ocrx_word' id='word_1_27' title='bbox 713 382 788 439; x_wconf 88' lang='lat' dir='ltr'>sit</span> <span class='ocrx_word' id='word_1_28' title='bbox 818 380 1095 459; x_wconf 77' lang='lat' dir='ltr'>voluptaS,</span> <span class='ocrx_word' id='word_1_29' title='bbox 1119 382 1338 440; x_wconf 86' lang='lat' dir='ltr'>nesciat</span> <span class='ocrx_word' id='word_1_30' title='bbox 1365 390 1465 440; x_wconf 89' lang='lat' dir='ltr'>aut</span> <span class='ocrx_word' id='word_1_31' title='bbox 1487 383 1603 459; x_wconf 90' lang='lat' dir='ltr'>qui,</span> <span class='ocrx_word' id='word_1_32' title='bbox 1629 402 1744 460; x_wconf 93' lang='lat' dir='ltr'>quo</span> <span class='ocrx_word' id='word_1_33' title='bbox 1772 384 1962 458; x_wconf 81' lang='lat' dir='ltr'>magis</span> 
     </span>
     <span class='ocr_line' id='line_1_5' title="bbox 272 455 1962 540; baseline 0.001 -20"><span class='ocrx_word' id='word_1_34' title='bbox 272 463 335 520; x_wconf 90' lang='lat' dir='ltr'>id</span> <span class='ocrx_word' id='word_1_35' title='bbox 380 462 692 540; x_wconf 84' lang='lat' dir='ltr'>intellegat,</span> <span class='ocrx_word' id='word_1_36' title='bbox 723 461 1118 519; x_wconf 84' lang='lat' dir='ltr'>definitionem</span> <span class='ocrx_word' id='word_1_37' title='bbox 1163 461 1413 539; x_wconf 85' lang='lat' dir='ltr'><strong>aliquam</strong></span> <span class='ocrx_word' id='word_1_38' title='bbox 1458 462 1782 521; x_wconf 66' lang='lat' dir='ltr'>desideret?</span> <span class='ocrx_word' id='word_1_39' title='bbox 1862 455 1962 521; x_wconf 89' lang='lat' dir='ltr'>Me</span> 
     </span>
     <span class='ocr_line' id='line_1_6' title="bbox 272 542 1961 620; baseline 0.001 -20"><span class='ocrx_word' id='word_1_40' title='bbox 272 543 463 620; x_wconf 89' lang='lat' dir='ltr'>ipsum</span> <span class='ocrx_word' id='word_1_41' title='bbox 485 562 606 601; x_wconf 89' lang='lat' dir='ltr'>esse</span> <span class='ocrx_word' id='word_1_42' title='bbox 628 543 898 612; x_wconf 81' lang='lat' dir='ltr'>dicerem,</span> <span class='ocrx_word' id='word_1_43' title='bbox 921 542 1176 619; x_wconf 88' lang='lat' dir='ltr'>inquam,</span> <span class='ocrx_word' id='word_1_44' title='bbox 1199 543 1311 599; x_wconf 89' lang='lat' dir='ltr'>nisi</span> <span class='ocrx_word' id='word_1_45' title='bbox 1337 542 1484 599; x_wconf 87' lang='lat' dir='ltr'>mihi</span> <span class='ocrx_word' id='word_1_46' title='bbox 1501 542 1723 600; x_wconf 85' lang='lat' dir='ltr'>viderer</span> <span class='ocrx_word' id='word_1_47' title='bbox 1748 542 1961 601; x_wconf 83' lang='lat' dir='ltr'>habere</span> 
     </span>
     <span class='ocr_line' id='line_1_7' title="bbox 273 621 1960 701; baseline 0 -20"><span class='ocrx_word' id='word_1_48' title='bbox 273 622 418 681; x_wconf 89' lang='lat' dir='ltr'>bene</span> <span class='ocrx_word' id='word_1_49' title='bbox 450 623 742 700; x_wconf 84' lang='lat' dir='ltr'>cognitam</span> <span class='ocrx_word' id='word_1_50' title='bbox 779 621 1135 699; x_wconf 80' lang='lat' dir='ltr'>voluptatem</span> <span class='ocrx_word' id='word_1_51' title='bbox 1169 630 1228 680; x_wconf 89' lang='lat' dir='ltr'>et</span> <span class='ocrx_word' id='word_1_52' title='bbox 1260 623 1398 680; x_wconf 88' lang='lat' dir='ltr'>satis</span> <span class='ocrx_word' id='word_1_53' title='bbox 1429 621 1591 680; x_wconf 90' lang='lat' dir='ltr'>firme</span> <span class='ocrx_word' id='word_1_54' title='bbox 1619 630 1960 701; x_wconf 79' lang='lat' dir='ltr'>conceptam</span> 
     </span>
     <span class='ocr_line' id='line_1_8' title="bbox 271 701 1959 781; baseline 0 -21"><span class='ocrx_word' id='word_1_55' title='bbox 271 704 466 760; x_wconf 87' lang='lat' dir='ltr'>animo</span> <span class='ocrx_word' id='word_1_56' title='bbox 494 711 668 781; x_wconf 86' lang='lat' dir='ltr'>atque</span> <span class='ocrx_word' id='word_1_57' title='bbox 695 721 1109 779; x_wconf 83' lang='lat' dir='ltr'>comprensam.</span> <span class='ocrx_word' id='word_1_58' title='bbox 1183 701 1353 760; x_wconf 91' lang='lat' dir='ltr'>Nunc</span> <span class='ocrx_word' id='word_1_59' title='bbox 1380 710 1573 760; x_wconf 88' lang='lat' dir='ltr'>autem</span> <span class='ocrx_word' id='word_1_60' title='bbox 1603 703 1780 760; x_wconf 91' lang='lat' dir='ltr'>dico</span> <span class='ocrx_word' id='word_1_61' title='bbox 1763 723 1959 780; x_wconf 76' lang='lat' dir='ltr'>ipsum</span> 
     </span>
     <span class='ocr_line' id='line_1_9' title="bbox 253 782 1960 863; baseline 0 -22"><span class='ocrx_word' id='word_1_62' title='bbox 253 783 585 863; x_wconf 30' lang='lat' dir='ltr'>‘Epicurum</span> <span class='ocrx_word' id='word_1_63' title='bbox 616 783 831 840; x_wconf 87' lang='lat' dir='ltr'>nescire</span> <span class='ocrx_word' id='word_1_64' title='bbox 853 789 913 840; x_wconf 90' lang='lat' dir='ltr'>et</span> <span class='ocrx_word' id='word_1_65' title='bbox 938 782 999 839; x_wconf 93' lang='lat' dir='ltr'>in</span> <span class='ocrx_word' id='word_1_66' title='bbox 1022 801 1091 840; x_wconf 88' lang='lat' dir='ltr'>eo</span> <span class='ocrx_word' id='word_1_67' title='bbox 1114 790 1332 854; x_wconf 87' lang='lat' dir='ltr'>nutare,</span> <span class='ocrx_word' id='word_1_68' title='bbox 1353 802 1614 860; x_wconf 89' lang='lat' dir='ltr'>eumque,</span> <span class='ocrx_word' id='word_1_69' title='bbox 1636 783 1738 861; x_wconf 92' lang='lat' dir='ltr'>qui</span> <span class='ocrx_word' id='word_1_70' title='bbox 1759 784 1960 842; x_wconf 89' lang='lat' dir='ltr'>crebro</span> 
     </span>
     <span class='ocr_line' id='line_1_10' title="bbox 272 853 1962 941; baseline 0.001 -20"><span class='ocrx_word' id='word_1_71' title='bbox 272 863 443 934; x_wconf 89' lang='lat' dir='ltr'>dicat,</span> <span class='ocrx_word' id='word_1_72' title='bbox 473 853 780 941; x_wconf 87' lang='lat' dir='ltr'>diligenter</span> <span class='ocrx_word' id='word_1_73' title='bbox 812 870 1078 939; x_wconf 82' lang='lat' dir='ltr'>oportere</span> <span class='ocrx_word' id='word_1_74' title='bbox 1109 863 1372 939; x_wconf 87' lang='lat' dir='ltr'>exprimi,</span> <span class='ocrx_word' id='word_1_75' title='bbox 1404 882 1549 939; x_wconf 89' lang='lat' dir='ltr'>quae</span> <span class='ocrx_word' id='word_1_76' title='bbox 1582 864 1669 920; x_wconf 82' lang='lat' dir='ltr'>vis</span> <span class='ocrx_word' id='word_1_77' title='bbox 1701 863 1962 923; x_wconf 90' lang='lat' dir='ltr'>subiecta</span> 
     </span>
     <span class='ocr_line' id='line_1_11' title="bbox 272 942 1962 1036; baseline 0.002 -37"><span class='ocrx_word' id='word_1_78' title='bbox 272 945 349 1001; x_wconf 85' lang='lat' dir='ltr'>sit</span> <span class='ocrx_word' id='word_1_79' title='bbox 397 943 650 1015; x_wconf 82' lang='lat' dir='ltr'>vocibus,</span> <span class='ocrx_word' id='word_1_80' title='bbox 690 962 808 1000; x_wconf 90' lang='lat' dir='ltr'>non</span> <span class='ocrx_word' id='word_1_81' title='bbox 864 942 1193 1019; x_wconf 85' lang='lat' dir='ltr'>intellegere</span> <span class='ocrx_word' id='word_1_82' title='bbox 1248 942 1555 1013; x_wconf 88' lang='lat' dir='ltr'>interdum,</span> <span class='ocrx_word' id='word_1_83' title='bbox 1598 943 1738 1036; x_wconf 80' lang='lat' dir='ltr'>quid</span> <span class='ocrx_word' id='word_1_84' title='bbox 1793 952 1962 1003; x_wconf 85' lang='lat' dir='ltr'>sonet</span> 
     </span>
     <span class='ocr_line' id='line_1_12' title="bbox 270 1022 1961 1101; baseline 0.002 -21"><span class='ocrx_word' id='word_1_85' title='bbox 270 1023 411 1081; x_wconf 90' lang='lat' dir='ltr'>haec</span> <span class='ocrx_word' id='word_1_86' title='bbox 441 1043 551 1081; x_wconf 87' lang='lat' dir='ltr'>vox</span> <span class='ocrx_word' id='word_1_87' title='bbox 581 1022 908 1101; x_wconf 80' lang='lat' dir='ltr'>voluptatiS‚</span> <span class='ocrx_word' id='word_1_88' title='bbox 933 1022 994 1080; x_wconf 89' lang='lat' dir='ltr'>id</span> <span class='ocrx_word' id='word_1_89' title='bbox 1023 1031 1125 1094; x_wconf 88' lang='lat' dir='ltr'>est,</span> <span class='ocrx_word' id='word_1_90' title='bbox 1152 1041 1297 1100; x_wconf 90' lang='lat' dir='ltr'>quae</span> <span class='ocrx_word' id='word_1_91' title='bbox 1326 1042 1413 1081; x_wconf 84' lang='lat' dir='ltr'>res</span> <span class='ocrx_word' id='word_1_92' title='bbox 1442 1023 1576 1082; x_wconf 89' lang='lat' dir='ltr'>huic</span> <span class='ocrx_word' id='word_1_93' title='bbox 1600 1024 1726 1082; x_wconf 85' lang='lat' dir='ltr'>voci</span> <span class='ocrx_word' id='word_1_94' title='bbox 1754 1024 1961 1084; x_wconf 91' lang='lat' dir='ltr'>subici-</span> 
     </span>
     <span class='ocr_line' id='line_1_13' title="bbox 271 1112 1697 1161; baseline 0 0"><span class='ocrx_word' id='word_1_95' title='bbox 271 1112 414 1161; x_wconf 86' lang='lat' dir='ltr'>atur.</span> <span class='ocrx_word' id='word_1_96' title='bbox 1693 1147 1697 1151; x_wconf 79' lang='lat'>-</span> 
     </span>
    </p>

    <p class='ocr_par' dir='ltr' id='par_1_3' title="bbox 270 1183 1963 3268">
     <span class='ocr_line' id='line_1_14' title="bbox 354 1183 1957 1262; baseline 0.001 -22"><span class='ocrx_word' id='word_1_97' title='bbox 354 1183 461 1241; x_wconf 90' lang='lat' dir='ltr'><strong>III.</strong></span> <span class='ocrx_word' id='word_1_98' title='bbox 505 1183 653 1241; x_wconf 89' lang='lat' dir='ltr'>Tum</span> <span class='ocrx_word' id='word_1_99' title='bbox 689 1183 780 1240; x_wconf 91' lang='lat' dir='ltr'>ille</span> <span class='ocrx_word' id='word_1_100' title='bbox 809 1183 1033 1241; x_wconf 83' lang='lat' dir='ltr'>ridens:</span> <span class='ocrx_word' id='word_1_101' title='bbox 1076 1183 1209 1241; x_wconf 91' lang='lat' dir='ltr'>Hoc</span> <span class='ocrx_word' id='word_1_102' title='bbox 1244 1203 1395 1255; x_wconf 84' lang='lat' dir='ltr'>vere,</span> <span class='ocrx_word' id='word_1_103' title='bbox 1416 1183 1623 1262; x_wconf 90' lang='lat' dir='ltr'>inquit,</span> <span class='ocrx_word' id='word_1_104' title='bbox 1648 1185 1957 1261; x_wconf 88' lang='lat' dir='ltr'>optimum,</span> 
     </span>
     <span class='ocr_line' id='line_1_15' title="bbox 272 1263 1961 1342; baseline 0.001 -20"><span class='ocrx_word' id='word_1_105' title='bbox 272 1272 338 1322; x_wconf 89' lang='lat' dir='ltr'>ut</span> <span class='ocrx_word' id='word_1_106' title='bbox 366 1264 430 1334; x_wconf 83' lang='lat' dir='ltr'>is,</span> <span class='ocrx_word' id='word_1_107' title='bbox 453 1264 552 1342; x_wconf 89' lang='lat' dir='ltr'>qui</span> <span class='ocrx_word' id='word_1_108' title='bbox 580 1263 749 1321; x_wconf 91' lang='lat' dir='ltr'>finem</span> <span class='ocrx_word' id='word_1_109' title='bbox 773 1282 963 1320; x_wconf 88' lang='lat' dir='ltr'>rerum</span> <span class='ocrx_word' id='word_1_110' title='bbox 985 1263 1431 1340; x_wconf 84' lang='lat' dir='ltr'>expetendarum</span> <span class='ocrx_word' id='word_1_111' title='bbox 1454 1264 1807 1342; x_wconf 84' lang='lat' dir='ltr'>voluptatem</span> <span class='ocrx_word' id='word_1_112' title='bbox 1837 1284 1961 1324; x_wconf 86' lang='lat' dir='ltr'>esse</span> 
     </span>
     <span class='ocr_line' id='line_1_16' title="bbox 272 1343 1959 1423; baseline 0.001 -21"><span class='ocrx_word' id='word_1_113' title='bbox 272 1345 446 1416; x_wconf 88' lang='lat' dir='ltr'>dicat,</span> <span class='ocrx_word' id='word_1_114' title='bbox 475 1344 537 1401; x_wconf 91' lang='lat' dir='ltr'>id</span> <span class='ocrx_word' id='word_1_115' title='bbox 572 1352 908 1415; x_wconf 87' lang='lat' dir='ltr'>extremum,</span> <span class='ocrx_word' id='word_1_116' title='bbox 938 1344 1002 1401; x_wconf 91' lang='lat' dir='ltr'>id</span> <span class='ocrx_word' id='word_1_117' title='bbox 1036 1343 1304 1402; x_wconf 87' lang='lat' dir='ltr'>ultimum</span> <span class='ocrx_word' id='word_1_118' title='bbox 1346 1343 1646 1416; x_wconf 90' lang='lat' dir='ltr'>bonorum,</span> <span class='ocrx_word' id='word_1_119' title='bbox 1670 1345 1734 1403; x_wconf 91' lang='lat' dir='ltr'>id</span> <span class='ocrx_word' id='word_1_120' title='bbox 1767 1346 1959 1423; x_wconf 88' lang='lat' dir='ltr'>ipsum</span> 
     </span>
     <span class='ocr_line' id='line_1_17' title="bbox 273 1423 1963 1503; baseline 0.001 -22"><span class='ocrx_word' id='word_1_121' title='bbox 273 1424 415 1502; x_wconf 89' lang='lat' dir='ltr'>quid</span> <span class='ocrx_word' id='word_1_122' title='bbox 443 1433 501 1482; x_wconf 90' lang='lat' dir='ltr'>et</span> <span class='ocrx_word' id='word_1_123' title='bbox 530 1423 695 1502; x_wconf 87' lang='lat' dir='ltr'>quale</span> <span class='ocrx_word' id='word_1_124' title='bbox 728 1425 819 1495; x_wconf 88' lang='lat' dir='ltr'>sit,</span> <span class='ocrx_word' id='word_1_125' title='bbox 845 1424 1092 1482; x_wconf 82' lang='lat' dir='ltr'>nesciat!</span> <span class='ocrx_word' id='word_1_126' title='bbox 1175 1423 1389 1501; x_wconf 87' lang='lat' dir='ltr'>Atque,</span> <span class='ocrx_word' id='word_1_127' title='bbox 1413 1425 1667 1502; x_wconf 89' lang='lat' dir='ltr'>inquam,</span> <span class='ocrx_word' id='word_1_128' title='bbox 1691 1434 1792 1483; x_wconf 89' lang='lat' dir='ltr'>aut</span> <span class='ocrx_word' id='word_1_129' title='bbox 1824 1425 1963 1503; x_wconf 91' lang='lat' dir='ltr'>Epi·</span> 
     </span>
     <span class='ocr_line' id='line_1_18' title="bbox 272 1504 1960 1583; baseline 0.001 -21"><span class='ocrx_word' id='word_1_130' title='bbox 272 1524 456 1576; x_wconf 82' lang='lat' dir='ltr'>curuS,</span> <span class='ocrx_word' id='word_1_131' title='bbox 499 1505 639 1583; x_wconf 92' lang='lat' dir='ltr'>quid</span> <span class='ocrx_word' id='word_1_132' title='bbox 695 1505 770 1562; x_wconf 90' lang='lat' dir='ltr'>sit</span> <span class='ocrx_word' id='word_1_133' title='bbox 824 1504 1104 1581; x_wconf 80' lang='lat' dir='ltr'>voluptaS‚</span> <span class='ocrx_word' id='word_1_134' title='bbox 1143 1512 1243 1562; x_wconf 82' lang='lat' dir='ltr'>aut</span> <span class='ocrx_word' id='word_1_135' title='bbox 1286 1524 1486 1562; x_wconf 89' lang='lat' dir='ltr'>omnes</span> <span class='ocrx_word' id='word_1_136' title='bbox 1536 1505 1821 1577; x_wconf 86' lang='lat' dir='ltr'>mortales,</span> <span class='ocrx_word' id='word_1_137' title='bbox 1859 1506 1960 1583; x_wconf 93' lang='lat' dir='ltr'>qui</span> 
     </span>
     <span class='ocr_line' id='line_1_19' title="bbox 272 1583 1961 1663; baseline 0.001 -21"><span class='ocrx_word' id='word_1_138' title='bbox 272 1585 490 1662; x_wconf 87' lang='lat' dir='ltr'>ubique</span> <span class='ocrx_word' id='word_1_139' title='bbox 557 1593 700 1656; x_wconf 79' lang='lat' dir='ltr'>sunt,</span> <span class='ocrx_word' id='word_1_140' title='bbox 755 1584 1033 1642; x_wconf 87' lang='lat' dir='ltr'>nesciunt.</span> <span class='ocrx_word' id='word_1_141' title='bbox 1146 1583 1430 1656; x_wconf 87' lang='lat' dir='ltr'>Quonam,</span> <span class='ocrx_word' id='word_1_142' title='bbox 1487 1586 1693 1663; x_wconf 88' lang='lat' dir='ltr'>inquit,</span> <span class='ocrx_word' id='word_1_143' title='bbox 1743 1586 1961 1645; x_wconf 63' lang='lat' dir='ltr'>modo?</span> 
     </span>
     <span class='ocr_line' id='line_1_20' title="bbox 273 1664 1959 1744; baseline 0.001 -21"><span class='ocrx_word' id='word_1_144' title='bbox 273 1664 423 1734; x_wconf 83' lang='lat' dir='ltr'>Quia</span> <span class='ocrx_word' id='word_1_145' title='bbox 463 1665 818 1743; x_wconf 84' lang='lat' dir='ltr'>voluptatem</span> <span class='ocrx_word' id='word_1_146' title='bbox 864 1664 1011 1722; x_wconf 87' lang='lat' dir='ltr'>hanc</span> <span class='ocrx_word' id='word_1_147' title='bbox 1059 1683 1182 1722; x_wconf 88' lang='lat' dir='ltr'>esse</span> <span class='ocrx_word' id='word_1_148' title='bbox 1208 1665 1487 1742; x_wconf 23' lang='lat' dir='ltr'>‘sentiunt</span> <span class='ocrx_word' id='word_1_149' title='bbox 1531 1685 1747 1738; x_wconf 91' lang='lat' dir='ltr'>omnes,</span> <span class='ocrx_word' id='word_1_150' title='bbox 1784 1686 1959 1744; x_wconf 90' lang='lat' dir='ltr'>quam</span> 
     </span>
     <span class='ocr_line' id='line_1_21' title="bbox 272 1744 1962 1825; baseline 0.001 -23"><span class='ocrx_word' id='word_1_151' title='bbox 272 1765 471 1803; x_wconf 87' lang='lat' dir='ltr'>seusus</span> <span class='ocrx_word' id='word_1_152' title='bbox 498 1746 783 1825; x_wconf 88' lang='lat' dir='ltr'>accipiens</span> <span class='ocrx_word' id='word_1_153' title='bbox 810 1753 1075 1803; x_wconf 86' lang='lat' dir='ltr'>movetur</span> <span class='ocrx_word' id='word_1_154' title='bbox 1095 1753 1155 1802; x_wconf 89' lang='lat' dir='ltr'>et</span> <span class='ocrx_word' id='word_1_155' title='bbox 1182 1744 1538 1804; x_wconf 88' lang='lat' dir='ltr'>iucunditate</span> <span class='ocrx_word' id='word_1_156' title='bbox 1560 1746 1805 1823; x_wconf 82' lang='lat' dir='ltr'>quadam</span> <span class='ocrx_word' id='word_1_157' title='bbox 1836 1765 1962 1823; x_wconf 90' lang='lat' dir='ltr'>per-</span> 
     </span>
     <span class='ocr_line' id='line_1_22' title="bbox 272 1825 1957 1904; baseline 0 -21"><span class='ocrx_word' id='word_1_158' title='bbox 272 1827 551 1886; x_wconf 88' lang='lat' dir='ltr'>funditur.</span> <span class='ocrx_word' id='word_1_159' title='bbox 639 1827 691 1886; x_wconf 81' lang='lat'>7.</span> <span class='ocrx_word' id='word_1_160' title='bbox 737 1825 891 1895; x_wconf 83' lang='lat' dir='ltr'>Quid</span> <span class='ocrx_word' id='word_1_161' title='bbox 925 1827 1097 1902; x_wconf 65' lang='lat' dir='ltr'>ergo?</span> <span class='ocrx_word' id='word_1_162' title='bbox 1138 1825 1308 1883; x_wconf 86' lang='lat' dir='ltr'>istam</span> <span class='ocrx_word' id='word_1_163' title='bbox 1345 1825 1718 1902; x_wconf 86' lang='lat' dir='ltr'>voluptatem,</span> <span class='ocrx_word' id='word_1_164' title='bbox 1748 1827 1957 1904; x_wconf 87' lang='lat' dir='ltr'>inquit,</span> 
     </span>
     <span class='ocr_line' id='line_1_23' title="bbox 272 1905 1962 1985; baseline 0.001 -22"><span class='ocrx_word' id='word_1_165' title='bbox 272 1906 555 1984; x_wconf 89' lang='lat' dir='ltr'>Epicurus</span> <span class='ocrx_word' id='word_1_166' title='bbox 581 1908 847 1984; x_wconf 67' lang='lat' dir='ltr'>ignorat?</span> <span class='ocrx_word' id='word_1_167' title='bbox 928 1905 1064 1963; x_wconf 90' lang='lat' dir='ltr'>Non</span> <span class='ocrx_word' id='word_1_168' title='bbox 1092 1924 1332 1981; x_wconf 87' lang='lat' dir='ltr'>semper,</span> <span class='ocrx_word' id='word_1_169' title='bbox 1358 1905 1611 1985; x_wconf 89' lang='lat' dir='ltr'>inquam.</span> <span class='ocrx_word' id='word_1_170' title='bbox 1697 1906 1845 1964; x_wconf 90' lang='lat' dir='ltr'>Nam</span> <span class='ocrx_word' id='word_1_171' title='bbox 1876 1907 1962 1964; x_wconf 90' lang='lat' dir='ltr'>in-</span> 
     </span>
     <span class='ocr_line' id='line_1_24' title="bbox 272 1985 1960 2063; baseline 0.001 -20"><span class='ocrx_word' id='word_1_172' title='bbox 272 1987 500 2044; x_wconf 88' lang='lat' dir='ltr'>terdum</span> <span class='ocrx_word' id='word_1_173' title='bbox 529 1987 704 2044; x_wconf 88' lang='lat' dir='ltr'>nimis</span> <span class='ocrx_word' id='word_1_174' title='bbox 732 1986 906 2050; x_wconf 88' lang='lat' dir='ltr'>etiam</span> <span class='ocrx_word' id='word_1_175' title='bbox 934 1985 1114 2056; x_wconf 87' lang='lat' dir='ltr'>novit,</span> <span class='ocrx_word' id='word_1_176' title='bbox 1137 1986 1352 2063; x_wconf 88' lang='lat' dir='ltr'>quippe</span> <span class='ocrx_word' id='word_1_177' title='bbox 1381 1986 1484 2063; x_wconf 87' lang='lat' dir='ltr'>qui</span> <span class='ocrx_word' id='word_1_178' title='bbox 1510 1986 1861 2058; x_wconf 86' lang='lat' dir='ltr'>testificetur,</span> <span class='ocrx_word' id='word_1_179' title='bbox 1885 2006 1960 2045; x_wconf 91' lang='lat' dir='ltr'>ne</span> 
     </span>
     <span class='ocr_line' id='line_1_25' title="bbox 272 2065 1961 2145; baseline 0.001 -21"><span class='ocrx_word' id='word_1_180' title='bbox 272 2067 603 2144; x_wconf 84' lang='lat' dir='ltr'>intellegere</span> <span class='ocrx_word' id='word_1_181' title='bbox 654 2067 887 2145; x_wconf 90' lang='lat' dir='ltr'>quidem</span> <span class='ocrx_word' id='word_1_182' title='bbox 931 2084 991 2122; x_wconf 87' lang='lat' dir='ltr'>se</span> <span class='ocrx_word' id='word_1_183' title='bbox 1034 2083 1220 2141; x_wconf 89' lang='lat' dir='ltr'>posse,</span> <span class='ocrx_word' id='word_1_184' title='bbox 1260 2065 1361 2123; x_wconf 91' lang='lat' dir='ltr'>ubi</span> <span class='ocrx_word' id='word_1_185' title='bbox 1416 2067 1494 2124; x_wconf 85' lang='lat' dir='ltr'>sit</span> <span class='ocrx_word' id='word_1_186' title='bbox 1538 2075 1639 2125; x_wconf 90' lang='lat' dir='ltr'>aut</span> <span class='ocrx_word' id='word_1_187' title='bbox 1682 2066 1961 2144; x_wconf 83' lang='lat' dir='ltr'>quod’sit</span> 
     </span>
     <span class='ocr_line' id='line_1_26' title="bbox 273 2145 1961 2223; baseline 0.001 -19"><span class='ocrx_word' id='word_1_188' title='bbox 273 2147 453 2204; x_wconf 87' lang='lat' dir='ltr'>ullum</span> <span class='ocrx_word' id='word_1_189' title='bbox 488 2147 707 2204; x_wconf 86' lang='lat' dir='ltr'>bonum</span> <span class='ocrx_word' id='word_1_190' title='bbox 740 2153 965 2223; x_wconf 88' lang='lat' dir='ltr'>practer</span> <span class='ocrx_word' id='word_1_191' title='bbox 996 2145 1157 2216; x_wconf 89' lang='lat' dir='ltr'>illud,</span> <span class='ocrx_word' id='word_1_192' title='bbox 1182 2146 1342 2223; x_wconf 90' lang='lat' dir='ltr'>quod</span> <span class='ocrx_word' id='word_1_193' title='bbox 1378 2145 1508 2204; x_wconf 89' lang='lat' dir='ltr'>cibo</span> <span class='ocrx_word' id='word_1_194' title='bbox 1538 2153 1597 2213; x_wconf 86' lang='lat' dir='ltr'>et</span> <span class='ocrx_word' id='word_1_195' title='bbox 1628 2147 1866 2223; x_wconf 87' lang='lat' dir='ltr'>potione</span> <span class='ocrx_word' id='word_1_196' title='bbox 1900 2154 1961 2205; x_wconf 85' lang='lat' dir='ltr'>et</span> 
     </span>
     <span class='ocr_line' id='line_1_27' title="bbox 271 2225 1955 2303; baseline 0.001 -19"><span class='ocrx_word' id='word_1_197' title='bbox 271 2227 497 2284; x_wconf 89' lang='lat' dir='ltr'>aurium</span> <span class='ocrx_word' id='word_1_198' title='bbox 547 2226 927 2285; x_wconf 77' lang='lat' dir='ltr'>delectatione</span> <span class='ocrx_word' id='word_1_199' title='bbox 966 2232 1024 2284; x_wconf 88' lang='lat' dir='ltr'>et</span> <span class='ocrx_word' id='word_1_200' title='bbox 1068 2225 1317 2283; x_wconf 89' lang='lat' dir='ltr'>obscena</span> <span class='ocrx_word' id='word_1_201' title='bbox 1353 2226 1648 2303; x_wconf 90' lang='lat' dir='ltr'>voluptate</span> <span class='ocrx_word' id='word_1_202' title='bbox 1681 2228 1955 2303; x_wconf 84' lang='lat' dir='ltr'>capiatur.</span> 
     </span>
     <span class='ocr_line' id='line_1_28' title="bbox 274 2305 1962 2384; baseline -0.001 -19"><span class='ocrx_word' id='word_1_203' title='bbox 274 2308 369 2365; x_wconf 84' lang='lat' dir='ltr'>An</span> <span class='ocrx_word' id='word_1_204' title='bbox 404 2307 543 2365; x_wconf 88' lang='lat' dir='ltr'>haec</span> <span class='ocrx_word' id='word_1_205' title='bbox 578 2306 651 2364; x_wconf 87' lang='lat' dir='ltr'>ab</span> <span class='ocrx_word' id='word_1_206' title='bbox 692 2325 762 2364; x_wconf 86' lang='lat' dir='ltr'>eo</span> <span class='ocrx_word' id='word_1_207' title='bbox 795 2324 912 2363; x_wconf 91' lang='lat' dir='ltr'>non</span> <span class='ocrx_word' id='word_1_208' title='bbox 956 2305 1262 2364; x_wconf 59' lang='lat' dir='ltr'>dicuntur?</span> <span class='ocrx_word' id='word_1_209' title='bbox 1344 2305 1521 2375; x_wconf 83' lang='lat' dir='ltr'>Quasi</span> <span class='ocrx_word' id='word_1_210' title='bbox 1556 2326 1688 2364; x_wconf 87' lang='lat' dir='ltr'>vero</span> <span class='ocrx_word' id='word_1_211' title='bbox 1730 2326 1824 2365; x_wconf 90' lang='lat' dir='ltr'>me</span> <span class='ocrx_word' id='word_1_212' title='bbox 1858 2327 1962 2384; x_wconf 87' lang='lat' dir='ltr'>pu·</span> 
     </span>
     <span class='ocr_line' id='line_1_29' title="bbox 272 2387 1957 2465; baseline -0.001 -20"><span class='ocrx_word' id='word_1_213' title='bbox 272 2388 423 2457; x_wconf 88' lang='lat' dir='ltr'>deat,</span> <span class='ocrx_word' id='word_1_214' title='bbox 448 2388 650 2465; x_wconf 87' lang='lat' dir='ltr'>inquit,</span> <span class='ocrx_word' id='word_1_215' title='bbox 675 2387 919 2444; x_wconf 88' lang='lat' dir='ltr'>istorum</span> <span class='ocrx_word' id='word_1_216' title='bbox 947 2394 1048 2444; x_wconf 89' lang='lat' dir='ltr'>aut</span> <span class='ocrx_word' id='word_1_217' title='bbox 1066 2405 1179 2443; x_wconf 91' lang='lat' dir='ltr'>non</span> <span class='ocrx_word' id='word_1_218' title='bbox 1211 2387 1446 2464; x_wconf 89' lang='lat' dir='ltr'>possim,</span> <span class='ocrx_word' id='word_1_219' title='bbox 1471 2387 1957 2464; x_wconf 83' lang='lat' dir='ltr'>quemadmodum</span> 
     </span>
     <span class='ocr_line' id='line_1_30' title="bbox 272 2466 1962 2542; baseline 0 -17"><span class='ocrx_word' id='word_1_220' title='bbox 272 2487 341 2525; x_wconf 87' lang='lat' dir='ltr'>ca</span> <span class='ocrx_word' id='word_1_221' title='bbox 383 2468 662 2539; x_wconf 86' lang='lat' dir='ltr'>dicantur,</span> <span class='ocrx_word' id='word_1_222' title='bbox 704 2466 1035 2524; x_wconf 82' lang='lat' dir='ltr'>ostendere!</span> <span class='ocrx_word' id='word_1_223' title='bbox 1117 2466 1247 2542; x_wconf 86' lang='lat' dir='ltr'>Ego</span> <span class='ocrx_word' id='word_1_224' title='bbox 1296 2486 1432 2524; x_wconf 90' lang='lat' dir='ltr'>vero</span> <span class='ocrx_word' id='word_1_225' title='bbox 1476 2486 1592 2524; x_wconf 87' lang='lat' dir='ltr'>non</span> <span class='ocrx_word' id='word_1_226' title='bbox 1628 2467 1851 2537; x_wconf 69' lang='lat' dir='ltr'>dubim,</span> <span class='ocrx_word' id='word_1_227' title='bbox 1876 2468 1962 2525; x_wconf 91' lang='lat' dir='ltr'>in-</span> 
     </span>
     <span class='ocr_line' id='line_1_31' title="bbox 273 2546 1962 2626; baseline 0.001 -21"><span class='ocrx_word' id='word_1_228' title='bbox 273 2567 462 2625; x_wconf 85' lang='lat' dir='ltr'>quam,</span> <span class='ocrx_word' id='word_1_229' title='bbox 505 2549 641 2626; x_wconf 89' lang='lat' dir='ltr'>quin</span> <span class='ocrx_word' id='word_1_230' title='bbox 688 2546 856 2605; x_wconf 87' lang='lat' dir='ltr'>facile</span> <span class='ocrx_word' id='word_1_231' title='bbox 899 2546 1101 2623; x_wconf 76' lang='lat' dir='ltr'>possiS,</span> <span class='ocrx_word' id='word_1_232' title='bbox 1142 2565 1248 2604; x_wconf 90' lang='lat' dir='ltr'>nec</span> <span class='ocrx_word' id='word_1_233' title='bbox 1293 2554 1396 2617; x_wconf 88' lang='lat' dir='ltr'>est,</span> <span class='ocrx_word' id='word_1_234' title='bbox 1438 2547 1594 2624; x_wconf 91' lang='lat' dir='ltr'>quod</span> <span class='ocrx_word' id='word_1_235' title='bbox 1641 2553 1699 2605; x_wconf 87' lang='lat' dir='ltr'>te</span> <span class='ocrx_word' id='word_1_236' title='bbox 1745 2548 1962 2623; x_wconf 84' lang='lat' dir='ltr'>pudeat</span> 
     </span>
     <span class='ocr_line' id='line_1_32' title="bbox 272 2627 1958 2706; baseline 0.001 -22"><span class='ocrx_word' id='word_1_237' title='bbox 272 2629 517 2706; x_wconf 85' lang='lat' dir='ltr'>sapienti</span> <span class='ocrx_word' id='word_1_238' title='bbox 544 2627 822 2699; x_wconf 85' lang='lat' dir='ltr'>assentiri,</span> <span class='ocrx_word' id='word_1_239' title='bbox 843 2627 942 2705; x_wconf 89' lang='lat' dir='ltr'>qui</span> <span class='ocrx_word' id='word_1_240' title='bbox 971 2646 1031 2684; x_wconf 89' lang='lat' dir='ltr'>se</span> <span class='ocrx_word' id='word_1_241' title='bbox 1053 2646 1218 2698; x_wconf 79' lang='lat' dir='ltr'>unuS,</span> <span class='ocrx_word' id='word_1_242' title='bbox 1240 2627 1396 2705; x_wconf 91' lang='lat' dir='ltr'>quod</span> <span class='ocrx_word' id='word_1_243' title='bbox 1425 2627 1617 2697; x_wconf 88' lang='lat' dir='ltr'>sciam,</span> <span class='ocrx_word' id='word_1_244' title='bbox 1641 2629 1958 2705; x_wconf 88' lang='lat' dir='ltr'>sapientem</span> 
     </span>
     <span class='ocr_line' id='line_1_33' title="bbox 271 2706 1960 2786; baseline 0.001 -21"><span class='ocrx_word' id='word_1_245' title='bbox 271 2709 528 2786; x_wconf 86' lang='lat' dir='ltr'>profiteri</span> <span class='ocrx_word' id='word_1_246' title='bbox 557 2709 633 2766; x_wconf 87' lang='lat' dir='ltr'>sit</span> <span class='ocrx_word' id='word_1_247' title='bbox 660 2727 843 2767; x_wconf 70' lang='lat' dir='ltr'>ausus,</span> <span class='ocrx_word' id='word_1_248' title='bbox 928 2706 1081 2765; x_wconf 88' lang='lat' dir='ltr'>Nam</span> <span class='ocrx_word' id='word_1_249' title='bbox 1115 2707 1513 2765; x_wconf 87' lang='lat' dir='ltr'>Metrodorum</span> <span class='ocrx_word' id='word_1_250' title='bbox 1548 2727 1662 2764; x_wconf 90' lang='lat' dir='ltr'>non</span> <span class='ocrx_word' id='word_1_251' title='bbox 1699 2715 1842 2785; x_wconf 89' lang='lat' dir='ltr'>puto</span> <span class='ocrx_word' id='word_1_252' title='bbox 1875 2708 1960 2784; x_wconf 90' lang='lat' dir='ltr'>ip—</span> 
     </span>
     <span class='ocr_line' id='line_1_34' title="bbox 272 2787 1955 2867; baseline 0 -21"><span class='ocrx_word' id='word_1_253' title='bbox 272 2809 399 2847; x_wconf 89' lang='lat' dir='ltr'>sum</span> <span class='ocrx_word' id='word_1_254' title='bbox 446 2789 786 2867; x_wconf 89' lang='lat' dir='ltr'>professum,</span> <span class='ocrx_word' id='word_1_255' title='bbox 817 2787 935 2858; x_wconf 89' lang='lat' dir='ltr'>sed,</span> <span class='ocrx_word' id='word_1_256' title='bbox 965 2807 1096 2845; x_wconf 90' lang='lat' dir='ltr'>cum</span> <span class='ocrx_word' id='word_1_257' title='bbox 1146 2787 1528 2866; x_wconf 86' lang='lat' dir='ltr'>appellaretur</span> <span class='ocrx_word' id='word_1_258' title='bbox 1569 2788 1641 2845; x_wconf 90' lang='lat' dir='ltr'>ab</span> <span class='ocrx_word' id='word_1_259' title='bbox 1686 2787 1955 2865; x_wconf 84' lang='lat' dir='ltr'>Epicure,</span> 
     </span>
     <span class='ocr_line' id='line_1_35' title="bbox 271 2867 1961 2946; baseline 0 -19"><span class='ocrx_word' id='word_1_260' title='bbox 271 2870 570 2946; x_wconf 88' lang='lat' dir='ltr'>repudiare</span> <span class='ocrx_word' id='word_1_261' title='bbox 615 2876 841 2927; x_wconf 89' lang='lat' dir='ltr'>tantum</span> <span class='ocrx_word' id='word_1_262' title='bbox 887 2868 1227 2926; x_wconf 86' lang='lat' dir='ltr'>beneficium</span> <span class='ocrx_word' id='word_1_263' title='bbox 1274 2867 1557 2939; x_wconf 81' lang='lat' dir='ltr'>noluisse3</span> <span class='ocrx_word' id='word_1_264' title='bbox 1600 2877 1823 2945; x_wconf 87' lang='lat' dir='ltr'>septem</span> <span class='ocrx_word' id='word_1_265' title='bbox 1864 2888 1961 2927; x_wconf 87' lang='lat' dir='ltr'>au-</span> 
     </span>
     <span class='ocr_line' id='line_1_36' title="bbox 270 2947 1962 3026; baseline -0.001 -18"><span class='ocrx_word' id='word_1_266' title='bbox 270 2958 390 3008; x_wconf 90' lang='lat' dir='ltr'>tem</span> <span class='ocrx_word' id='word_1_267' title='bbox 451 2950 536 3008; x_wconf 91' lang='lat' dir='ltr'>illi</span> <span class='ocrx_word' id='word_1_268' title='bbox 597 2970 713 3007; x_wconf 90' lang='lat' dir='ltr'>non</span> <span class='ocrx_word' id='word_1_269' title='bbox 767 2968 888 3020; x_wconf 87' lang='lat' dir='ltr'>suc,</span> <span class='ocrx_word' id='word_1_270' title='bbox 940 2948 1042 3005; x_wconf 85' lang='lat' dir='ltr'>sed</span> <span class='ocrx_word' id='word_1_271' title='bbox 1106 2947 1454 3026; x_wconf 90' lang='lat' dir='ltr'>populorum</span> <span class='ocrx_word' id='word_1_272' title='bbox 1510 2948 1785 3024; x_wconf 86' lang='lat' dir='ltr'>suffragio</span> <span class='ocrx_word' id='word_1_273' title='bbox 1840 2969 1962 3006; x_wconf 91' lang='lat' dir='ltr'>om-</span> 
     </span>
     <span class='ocr_line' id='line_1_37' title="bbox 273 3028 1956 3103; baseline 0.001 -17"><span class='ocrx_word' id='word_1_274' title='bbox 273 3031 434 3087; x_wconf 89' lang='lat' dir='ltr'>nium</span> <span class='ocrx_word' id='word_1_275' title='bbox 482 3031 766 3088; x_wconf 88' lang='lat' dir='ltr'>nominati</span> <span class='ocrx_word' id='word_1_276' title='bbox 815 3035 964 3087; x_wconf 85' lang='lat' dir='ltr'>sunt.</span> <span class='ocrx_word' id='word_1_277' title='bbox 1051 3034 1102 3086; x_wconf 88' lang='grc'>8.</span> <span class='ocrx_word' id='word_1_278' title='bbox 1150 3028 1365 3087; x_wconf 87' lang='lat' dir='ltr'>Verum</span> <span class='ocrx_word' id='word_1_279' title='bbox 1423 3028 1532 3085; x_wconf 90' lang='lat' dir='ltr'>hoc</span> <span class='ocrx_word' id='word_1_280' title='bbox 1590 3028 1716 3085; x_wconf 92' lang='lat' dir='ltr'>loco</span> <span class='ocrx_word' id='word_1_281' title='bbox 1772 3049 1956 3103; x_wconf 84' lang='lat' dir='ltr'>sume,</span> 
     </span>
     <span class='ocr_line' id='line_1_38' title="bbox 272 3107 1959 3185; baseline 0.001 -19"><span class='ocrx_word' id='word_1_282' title='bbox 272 3109 459 3167; x_wconf 88' lang='lat' dir='ltr'>verbis</span> <span class='ocrx_word' id='word_1_283' title='bbox 499 3110 589 3167; x_wconf 92' lang='lat' dir='ltr'>his</span> <span class='ocrx_word' id='word_1_284' title='bbox 634 3111 874 3170; x_wconf 88' lang='lat' dir='ltr'>eandem</span> <span class='ocrx_word' id='word_1_285' title='bbox 919 3114 1070 3166; x_wconf 88' lang='lat' dir='ltr'>certe</span> <span class='ocrx_word' id='word_1_286' title='bbox 1123 3108 1243 3166; x_wconf 88' lang='lat' dir='ltr'>vim</span> <span class='ocrx_word' id='word_1_287' title='bbox 1290 3107 1599 3184; x_wconf 86' lang='lat' dir='ltr'>voluptatis</span> <span class='ocrx_word' id='word_1_288' title='bbox 1644 3108 1959 3185; x_wconf 90' lang='lat' dir='ltr'>Epicurum</span> 
     </span>
     <span class='ocr_line' id='line_1_39' title="bbox 273 3188 1962 3268; baseline 0.001 -21"><span class='ocrx_word' id='word_1_289' title='bbox 273 3208 440 3247; x_wconf 88' lang='lat' dir='ltr'>nosse</span> <span class='ocrx_word' id='word_1_290' title='bbox 482 3210 654 3268; x_wconf 83' lang='lat' dir='ltr'>quam</span> <span class='ocrx_word' id='word_1_291' title='bbox 699 3197 935 3249; x_wconf 87' lang='lat' dir='ltr'>ceteros.</span> <span class='ocrx_word' id='word_1_292' title='bbox 1020 3188 1239 3247; x_wconf 90' lang='lat' dir='ltr'>Omnes</span> <span class='ocrx_word' id='word_1_293' title='bbox 1284 3188 1436 3246; x_wconf 87' lang='lat' dir='ltr'>enim</span> <span class='ocrx_word' id='word_1_294' title='bbox 1480 3188 1802 3246; x_wconf 88' lang='lat' dir='ltr'>iucundum</span> <span class='ocrx_word' id='word_1_295' title='bbox 1839 3209 1962 3249; x_wconf 88' lang='lat' dir='ltr'>mo-</span> 
     </span>
    </p>
   </div>
  </div>
 </body>
</html>
