2259 3467
221 78 318 127 112
384 77 483 127 DE
517 76 808 127 FINIBUS
840 74 1194 126 BONORUM
1226 73 1320 123 ET
1352 73 1734 124 MALORUM.

218 175 407 225 tionem
444 177 580 225 enim
613 177 849 225 vitiorum
886 175 992 225 fieri
1031 174 1251 225 ostendit
1276 174 1345 237 (c.
1383 177 1465 235 23,
1491 174 1595 235 24).
1629 174 1735 221 *m
1771 173 1911 236 quod

216 241 373 290 virtus
393 256 610 290 crescere
628 256 724 288 uon
750 256 895 303 posse
916 241 1123 301 dicatur,
1144 250 1197 289 et
1215 240 1328 288 ideo
1350 240 1520 287 omnia
1535 239 1656 287 vitia
1677 238 1914 301 aequalia

217 320 340 367 esse,
363 309 524 368 potius
547 322 611 355 ex
639 306 993 369 inaequalitate
1018 306 1254 354 vitiorum
1280 305 1512 353 concludi
1537 304 1731 364 debere,
1750 305 1913 352 virtu-

216 379 320 419 tem
349 386 566 421 crescere
592 371 660 434 (c.
683 372 790 433 24).
863 372 926 420 Iu
954 371 1044 419 has
1069 385 1243 419 omnes
1276 371 1531 431 angustias
1561 369 1756 418 Stoicos
1782 368 1913 417 inci-

217 435 335 484 dere
374 446 572 499 propter
605 436 872 497 gloriosam
916 437 1313 485 ostentationem.
1400 436 1532 484 Nam
1568 434 1673 483 tolli
1709 434 1798 482 illa
1833 449 1912 483 ra-

217 502 351 550 tione
374 502 535 550 officia
553 512 604 551 et
621 502 752 550 vitae
773 501 1033 561 actionem,
1054 509 1110 549 ut
1125 502 1192 549 ab
1213 500 1478 561 Aristone3
1512 500 1598 548 sed
1612 500 1910 548 Aristonem

216 567 488 628 simplicius
526 581 686 627 agere,
716 567 913 616 Stoicos
953 576 1152 616 versute
1189 565 1425 614 inducere
1466 566 1597 614 aliis‘
1619 565 1910 613 nominibus

215 631 422 679 eandem
463 632 807 692 differentiam,
831 644 982 695 quam
1016 641 1208 681 veteres
1244 631 1495 679 tenuerint
1519 630 1583 691 (c.
1603 632 1703 692 25).
1776 630 1911 678 Pro·

215 695 422 756 egmenn
448 697 533 744 illa
549 706 599 745 et
621 696 1017 759 apoproiigmena
1037 697 1213 745 eodem
1238 696 1348 744 loco
1379 696 1563 753 haberi,
1583 710 1684 759 quo
1702 694 1769 743 ab
1791 694 1910 742 Ari-

216 762 391 809 stotele
416 772 467 810 et
498 763 675 811 ceteris
711 762 936 810 Platonis
966 761 1186 809 alumnis
1213 762 1343 809 bona
1374 761 1591 823 eorporis
1617 770 1668 809 et
1692 771 1911 808 externa

218 829 282 887 (e.
305 827 408 888 26).
482 827 764 884 l‘aradoxa,
798 827 840 875 si
879 828 990 889 quis
1027 828 1231 889 propius
1265 826 1527 888 aspexerit,
1555 825 1681 873 nihil
1722 825 1911 874 habere

215 892 520 941 admirabile.
590 892 798 952 Similia,
828 892 1011 954 quibus
1046 892 1216 940 omnia
1253 900 1458 952 peccata
1494 891 1633 953 paria
1678 905 1789 938 esse
1822 890 1912 939 de-

214 967 527 1016 monstretur,
548 957 805 1005 dissimilia
826 971 935 1004 esse
958 957 1024 1017 (c.
1047 957 1152 1019 27).
1215 956 1435 1006 Omnino
1463 956 1657 1005 Stoicos
1679 956 1912 1005 maxime

215 1037 276 1135 iso
303 1023 422 1071 vitio
448 1023 622 1084 premi,
649 1022 783 1086 quod
810 1021 932 1070 duas
959 1022 1234 1071 contrarias
1267 1022 1538 1071 sententias
1571 1019 1798 1070 obtinere
1820 1036 1910 1070 ve-

236 1087 307 1135 int
331 1088 393 1151 (c.
418 1090 521 1149 28).
1029 1092 1038 1099 ”
1724 1106 1728 1110 ·

296 1214 341 1274 I.
431 1221 482 1274 1.
527 1215 687 1285 Quae
708 1235 839 1274 cum
861 1215 1117 1287 dixisset,
1141 1214 1314 1274 finem
1344 1215 1455 1274 ille.
1520 1215 1648 1293 Ego
1670 1222 1867 1273 autem
1890 1233 1910 1274 t

215 1295 305 1353 Ne
338 1303 421 1367 tu,
452 1297 706 1375 iuquam,
730 1296 896 1368 Cato,
926 1297 1039 1354 ista
1071 1296 1406 1374 exposuisti,
1430 1303 1496 1354 ut
1535 1302 1657 1354 tam
1699 1295 1905 1367 multa,

214 1377 563 1447 memoriter,
604 1383 670 1434 ut
724 1383 847 1434 tam
901 1376 1157 1447 obscura,
1194 1375 1461 1434 dilucide.
1501 1427 1509 1433 .
1547 1375 1752 1455 Itaque
1801 1383 1908 1434 aut

215 1456 552 1514 omittamus
585 1463 786 1514 contra
819 1456 1058 1514 omniuo
1090 1455 1232 1515 velle
1264 1456 1482 1533 aliquid
1511 1463 1612 1536 aut
1645 1455 1907 1532 spatium

215 1555 508 1594 sumamus
541 1536 615 1594 ad
649 1536 1058 1614 cogitandum3
1101 1544 1222 1595 tam
1258 1537 1410 1595 enim
1441 1536 1765 1612 diligenter,
1799 1537 1908 1593 eti-

214 1616 358 1673 amsi
401 1616 593 1674 minus
641 1636 770 1674 vere
811 1611 971 1691 (nam
1022 1616 1282 1674 nondum
1322 1616 1385 1674 id
1428 1616 1661 1695 quidem
1710 1616 1905 1674 audeo

214 1693 446 1773 dicere),
478 1697 579 1755 sed
624 1703 815 1754 tamen
869 1703 1131 1754 accurate
1180 1715 1296 1754 non
1347 1696 1522 1754 modo
1571 1696 1902 1767 fundatam,

214 1795 408 1833 verum
457 1777 628 1835 etiam
677 1783 995 1835 extructam
1042 1776 1408 1852 disciplinam
1446 1796 1564 1834 uon
1599 1783 1686 1835 est
1727 1775 1905 1835 facile

213 1857 548 1932 perdiscere.
632 1857 783 1915 Tum
827 1856 956 1915 ille:
999 1856 1137 1914 Ain'
1184 1857 1455 1916 tandem?
1497 1856 1721 1935 inquit3
1763 1875 1904 1914 cum

213 1955 323 2012 ego
357 1942 416 1994 te
449 1937 555 1995 hac
591 1957 738 1995 nova
777 1936 904 2014 lege
932 1936 1155 1994 vide-am
1205 1937 1408 1995 eodem
1443 1937 1538 1995 die
1579 1937 1903 1994 accusatori

212 2017 557 2093 respondere
591 2025 649 2076 et
675 2017 859 2076 tribus
888 2016 1044 2075 horis
1073 2037 1352 2094 perorare,
1375 2018 1437 2075 in
1467 2017 1571 2075 hac
1599 2036 1693 2074 me
1727 2036 1903 2074 causa

212 2102 443 2174 tempus
491 2097 802 2156 dilaturum
851 2098 1059 2174 putas?
1101 2117 1248 2176 quae
1287 2104 1479 2156 tamen
1523 2116 1558 2155 a
1597 2103 1657 2155 te
1694 2105 1901 2173 agetur

212 2196 328 2234 non
360 2177 577 2249 melior,
603 2198 770 2256 quam
810 2177 939 2236 illae
972 2185 1121 2247 suut,
1149 2197 1291 2256 quas
1323 2177 1613 2236 interdum
1649 2176 1895 2244 obtines.

213 2256 400 2324 Quare
428 2257 600 2314 istam
623 2277 851 2335 quoque
874 2257 1201 2334 aggredere,
1226 2264 1527 2316 tractatam
1557 2257 1893 2334 praesertim

213 2345 271 2393 et
315 2337 387 2393 ab
432 2337 558 2394 aliis
592 2346 652 2395 et
698 2357 734 2395 a
765 2345 823 2395 te
869 2338 996 2415 ipso
1038 2358 1223 2416 saepe,
1256 2345 1322 2395 ut
1368 2337 1477 2396 tibi
1532 2337 1727 2395 deesse
1777 2355 1895 2393 non

211 2417 396 2494 possit
445 2418 645 2477 oratio,
747 2424 800 2476 2.
845 2417 996 2476 Tum
1045 2437 1189 2495 ego:
1249 2417 1384 2475 Non
1433 2415 1771 2487 mehercule,
1812 2416 1900 2473 in-

213 2516 402 2573 quam,
428 2497 582 2555 soleo
616 2505 829 2556 temere
862 2506 1064 2556 contra
1095 2498 1340 2568 StoicOS,
1363 2516 1479 2555 non
1510 2516 1625 2575 quo
1654 2496 1768 2554 illis
1799 2495 1900 2553 ad-

213 2577 451 2635 modum
497 2579 787 2645 assentiar,
819 2578 920 2636 sed
967 2578 1189 2655 pudore
1226 2578 1546 2655 impedior3
1589 2576 1673 2634 ita
1711 2576 1900 2634 multa

211 2656 429 2729 dicunt,
456 2676 599 2735 quae
632 2658 727 2715 vix
760 2657 1108 2733 intellegam.
1193 2657 1465 2729 Obscura,
1495 2657 1703 2735 inquit,
1727 2675 1899 2733 quae-

211 2736 343 2814 dam
380 2757 501 2795 esse
534 2737 844 2809 confiteor3
887 2755 992 2794 nec
1030 2745 1222 2795 tamen
1257 2737 1331 2795 ab
1363 2737 1476 2794 illis
1508 2737 1591 2794 ita
1625 2737 1900 2795 dicuntur

211 2815 284 2868 de
311 2816 607 2883 industria,
633 2817 734 2872 sed
759 2817 909 2872 inest
932 2816 990 2871 in
1013 2815 1182 2871 rebus
1211 2816 1353 2891 ipsis
1381 2816 1713 2873 obscuritas,
1775 2816 1898 2873 Cur

209 2888 387 2959 igitur
427 2891 652 2946 easdem
686 2911 790 2960 res,
821 2893 1074 2967 inquam,
1106 2893 1510 2969 Peripateticis
1547 2893 1893 2966 dicent-ibuS,

210 2961 444 3015 verbum
494 2966 711 3021 nullum
763 2975 865 3036 est,
903 2969 1058 3042 quod
1107 2987 1226 3026 non
1275 2972 1675 3047 intellegatur?
1757 2973 1896 3029 Eas-

210 3035 416 3118 demne
460 3041 583 3092 res?
623 3042 844 3114 inquit3
887 3063 956 3098 an
1004 3063 1206 3118 parum
1254 3048 1511 3119 disserui,
1542 3070 1661 3107 non
1704 3052 1894 3108 verbis

209 3108 436 3162 Stmcos
476 3128 511 3163 a
541 3112 954 3187 Peripateticis,
985 3121 1085 3176 sed
1119 3125 1383 3182 universa
1422 3147 1483 3184 re
1516 3136 1576 3185 et
1610 3134 1735 3186 tota
1767 3149 1894 3187 sen-
