2259 3467
776 99 1067 162 L113.111.‚
1097 98 1255 151 CAP.
1283 99 1598 150 x111.-xv.
1964 105 2031 153 99

346 203 541 278 longa,
582 202 854 279 quamsi
906 200 1125 272 brevis3
1170 207 1523 278 utunturque
1578 201 1784 259 simili:
1849 201 1953 272 Ut,
1984 203 2034 261 si

347 283 619 342 cothurni
666 281 790 339 laus
837 280 934 338 illa
967 287 1130 352 esset,
1161 281 1236 338 ad
1278 280 1483 357 pedem
1531 288 1666 358 apte
1711 283 2031 355 convenire,

346 382 537 456 neque
592 361 762 419 multi
823 361 1090 419 cothurni
1145 360 1343 438 paucis
1396 369 1882 438 anteponerentur
1927 379 2033 420 nec

346 444 594 501 maiores
621 441 959 510 minoribuS,
983 440 1081 512 sic,
1107 459 1352 532 quorum
1381 459 1553 498 omne
1580 440 1798 498 bonum
1833 460 2034 499 conve-

346 523 570 581 nientia
609 529 784 600 atque
825 521 1261 597 opportunitate
1303 519 1516 590 finitur,
1547 540 1653 578 nec
1694 521 1858 598 plura
1898 540 2034 599 pau-

346 603 601 666 cioribus
648 621 754 659 nec
802 599 1209 693 longinquiora
1260 599 1611 658 brevioribus
1659 607 2029 678 anteponent.

347 682 443 740 47.
489 682 614 741 Nec
654 701 790 739 vero
824 682 962 738 satis
1002 688 1169 738 acute
1202 680 1437 737 dicunt:
1480 679 1545 737 Si
1578 680 1732 737 bona
1765 680 2032 738 valetudo

346 761 528 836 pluris
560 760 916 820 aestimanda
948 760 1023 818 sit
1063 759 1238 837 longa
1278 778 1448 836 quam
1484 758 1688 830 breviS‚
1720 760 2032 836 sapientiae

347 860 581 919 quoque
609 860 745 899 usus
776 840 1148 917 longissimus
1177 839 1418 917 quisque
1451 839 1527 896 sit
1561 839 1811 915 plurimi.
1896 839 1953 896 N
1957 860 2032 897 on

347 922 709 1014 intellegunt,
751 919 1094 978 valetudinis
1139 919 1595 977 aestimationem
1644 919 1833 995 spatio
1889 919 2034 976 iudi-

345 1001 480 1072 cari,
512 1001 741 1059 virtutis
785 999 1254 1077 opportunitate3
1296 1006 1364 1056 ut
1408 995 1723 1068 videantur,
1756 998 1855 1075 qui
1889 987 2033 1056 illud

345 1082 560 1152 dicant,
584 1081 761 1138 iidem
790 1079 900 1137 hoc
931 1099 1053 1137 esse
1082 1043 1309 1149 dicturi,
1335 1078 1545 1136 bonam
1573 1085 1817 1136 mortem
1848 1084 1908 1135 et
1936 1077 2035 1136 bo-⁵

345 1181 487 1218 num
523 1168 749 1237 partum
794 1158 1086 1217 meliorem
1130 1159 1368 1235 longum
1403 1178 1525 1216 esse
1567 1178 1740 1236 quam
1782 1157 2028 1218 brevem.

345 1240 406 1298 N
408 1261 484 1298 on
519 1240 731 1310 vident,
763 1239 874 1297 alia
904 1240 1185 1297 brevitate
1218 1238 1398 1316 pluris
1430 1238 1736 1309 aestimari,
1766 1238 2033 1314 alia-diu-

343 1321 638 1379 turnitate.
723 1324 819 1377 48.
863 1319 1066 1396 Itaque
1115 1326 1567 1377 consentaneum
1612 1326 1700 1377 est
1743 1318 1850 1388 his,
1887 1337 2032 1395 quae

344 1400 504 1458 dicta
525 1407 675 1471 sunt,
700 1400 922 1457 ratione
950 1399 1197 1470 illorum,
1216 1399 1315 1476 qui
1344 1398 1508 1460 illum
1529 1397 1812 1456 bonorum
1836 1397 2028 1469 finem,

345 1481 504 1557 quod
533 1480 886 1558 appellamus
914 1487 1251 1550 extremum,
1278 1479 1437 1556 quod
1471 1477 1759 1548 ultimum,
1783 1497 2031 1535 crescere

343 1568 554 1637 putent
575 1579 772 1653 posse,
801 1559 1004 1617 iisdem
1051 1558 1290 1636 placere,
1322 1577 1443 1616 esse
1484 1558 1659 1615 alium
1700 1557 1811 1615 alio
1854 1557 2028 1614 etiam

344 1640 771 1717 sapientiorem,
802 1639 1055 1717 itemque
1093 1639 1271 1696 alium
1312 1638 1499 1713 magis
1532 1637 1644 1695 alio
1675 1637 1761 1694 vel
1795 1656 2031 1715 peccare

343 1721 434 1778 vel
462 1726 615 1777 recte
643 1720 849 1791 facere,
869 1719 1027 1795 quod
1055 1718 1224 1776 nobis
1250 1737 1369 1775 non
1397 1717 1531 1776 licet
1558 1717 1763 1788 dicere,
1790 1716 1889 1809 qui
1917 1736 2033 1775 cre-

343 1819 499 1858 scere
532 1798 819 1857 bonorum
864 1799 1035 1857 finem
1073 1818 1192 1855 nou
1232 1804 1521 1890 putamus,
1605 1795 1695 1855 Ut
1727 1798 1899 1868 enim,
1931 1797 2031 1874 qui

341 1880 591 1937 demersi
619 1886 755 1938 sunt
782 1879 840 1936 in
864 1899 1028 1955 aqua,
1053 1878 1236 1935 nihilo
1259 1878 1444 1954 magis
1472 1877 1747 1954 respirare
1771 1883 2028 1953 possunt,

342 1960 394 2017 si
416 1979 533 2017 non
562 1959 734 2037 longe
756 1959 965 2017 absunt
993 1978 1027 2016 a
1054 1978 1299 2029 summ0,
1319 1968 1385 2015 ut
1412 1958 1528 2015 iam
1550 1958 1779 2035 iamque
1808 1957 2033 2034 possint

343 2058 650 2116 emergere,
683 2059 853 2117 quam
898 2039 946 2096 si
987 2038 1162 2096 etiam
1207 2046 1334 2096 tum
1383 2044 1573 2095 essent
1616 2038 1675 2094 in
1720 2037 2029 2114 profundO,

341 2139 449 2177 nec
495 2119 716 2177 catulus
762 2118 872 2189 ille,
912 2118 1012 2195 qui
1061 2119 1177 2175 iam
1225 2118 1669 2195 appropinquat,
1709 2126 1777 2176 ut
1821 2117 2028 2189 videat,

341 2198 475 2277 plus
507 2199 691 2256 cernit
725 2218 894 2277 quam
930 2199 995 2270 is,
1027 2199 1127 2276 qui
1173 2198 1349 2256 modo
1394 2205 1481 2256 est
1524 2207 1710 2270 natue,
1739 2198 1900 2269 item,
1932 2198 2033 2275 qui

342 2279 624 2356 processit
655 2279 1013 2356 aliquantum
1047 2279 1119 2336 ad
1151 2278 1379 2336 virtutis
1410 2278 1693 2349 habitum,
1719 2278 1901 2336 nihilo
1929 2278 2033 2335 mi-

341 2379 452 2416 nus
480 2360 540 2416 in
575 2360 806 2417 miseria
831 2366 919 2416 est
947 2378 1118 2435 quam
1149 2358 1261 2429 ille,
1287 2359 1386 2435 qui
1414 2358 1560 2415 nihil
1594 2358 1887 2435 processit.

424 2439 561 2497 XV.
607 2439 768 2496 Haec
826 2438 1110 2496 mirabilia
1163 2438 1344 2496 videri
1400 2437 1707 2513 intelleg03
1758 2438 1859 2496 sed
1899 2456 2031 2495 cum

341 2527 497 2576 certe
525 2518 818 2595 superiora
849 2517 1015 2575 firma
1046 2538 1112 2576 ae
1143 2538 1273 2576 vera
1305 2518 1437 2589 sint,
1462 2518 1553 2575 his
1586 2523 1779 2575 autem
1808 2536 1875 2574 ea
1902 2536 2034 2574 con-

342 2605 616 2656 sentanea
636 2606 695 2656 et
716 2598 1140 2675 consequentia,
1159 2618 1233 2655 ne
1250 2597 1323 2655 de
1345 2597 1550 2655 horum
1577 2596 1811 2675 quidem
1834 2603 1921 2653 est
1945 2616 2034 2653 ve-

341 2678 514 2735 ritate
543 2677 943 2736 dubitandum.
1028 2677 1145 2736 Sed
1174 2697 1520 2755 quamquam
1548 2682 1763 2753 negant
1794 2694 1899 2733 nec
1928 2676 2032 2732 vir·

341 2763 500 2815 tutes
519 2776 626 2815 nec
650 2758 789 2815 vitia
809 2777 1073 2850 creseere,
1094 2764 1287 2815 tamen
1311 2764 1619 2834 utrumque
1642 2774 1836 2813 eorum
1861 2755 2032 2813 fundi

343 2837 598 2915 quodam
630 2837 806 2895 modo
829 2846 888 2895 et
909 2838 1071 2915 quasi
1099 2837 1324 2895 dilatari
1354 2844 1608 2913 putant.
1649 2841 1743 2894 49.
1780 2835 2032 2893 Divitias

341 2924 539 2975 autem
573 2917 868 2995 Diogenes
902 2924 1095 2975 censet
1126 2936 1244 2974 non
1280 2936 1403 2973 eam
1442 2915 1618 2973 modo
1652 2916 1770 2972 vim
1804 2914 2028 2985 habere,

341 3005 412 3055 ut
440 2997 604 3075 quasi
633 2997 806 3054 duces
834 2997 950 3054 sint
978 2996 1053 3054 ad
1081 2996 1436 3072 voluptatem
1461 3002 1519 3052 et
1547 2994 1622 3052 ad
1646 2994 2030 3053 valetudinem

341 3077 576 3168 bonam,
603 3077 703 3134 sed
731 3077 902 3133 etiam
934 3076 1020 3133 uti
1049 3096 1115 3133 ea
1143 3075 1493 3143 contineant,
1519 3093 1632 3131 non
1665 3074 1816 3131 idem
1840 3074 2031 3131 facere

340 3176 440 3216 eas
474 3156 534 3213 in
570 3157 781 3215 virtute
814 3175 999 3233 neque
1032 3155 1091 3212 in
1128 3154 1330 3212 ceteris
1363 3152 1597 3225 artibuS,
1629 3153 1701 3211 ad
1737 3173 1877 3231 quas
1910 3171 2043 3214 esse⁴
