2259 3467
946 126 1084 179 LIB.
1115 128 1184 191 1.‚
1211 126 1368 179 CAP.
1398 128 1442 178 Ι.
2001 129 2036 181 3
2070 167 2075 172 .

343 228 686 291 significantur
706 228 859 278 etiam
882 227 935 276 in
955 227 1052 278 hoc
1073 227 1161 279 lib.
1182 231 1262 291 25,
1283 227 1528 278 memoria
1552 226 1802 279 excellens
1827 227 1912 280 lib.
1933 228 2030 292 11„

407 361 466 410 C.
485 360 718 409 Valerius
744 358 968 407 Triarius
995 358 1105 421 (qui
1132 373 1165 405 a
1192 358 1442 407 nonnullis
1475 358 1797 420 confunditur
1829 375 1945 409 cum
1974 375 2036 411 eo

342 426 553 485 Triario,
588 426 688 488 qui,
722 440 847 489 cum.
888 424 1082 473 Luculli
1131 424 1325 483 legatus
1374 433 1519 484 esset,
1553 424 1815 473 infeliciter
1863 435 2037 474 contra

343 491 685 540 Mithridatem
710 491 948 552 pugnavit
966 507 978 550 3
1017 489 1116 538 vid.
1137 489 1392 538 Drakenb.
1413 488 1486 537 ad
1503 489 1617 538 Liv.
1639 491 1753 553 epit.
1775 492 1855 552 98,
1880 491 2037 545 Heius

344 557 465 606 rich.
493 555 565 604 ad
593 554 780 604 Ascon.
808 570 992 617 aryum.
1025 563 1150 603 orat.
1177 570 1272 615 pro
1306 552 1505 615 Scauro,
1539 570 1587 617 p.
1617 557 1666 615 6,
1688 556 1806 605 edit.
1837 555 2036 618 Kilon.)

342 622 464 671 item
488 620 823 684 Pompeianus
844 620 953 681 suit,
977 619 1107 682 parti
1130 620 1299 668 classis
1321 620 1659 682 Pompeianae
1683 621 1961 683 praefectus
1986 631 2038 672 et

343 702 537 748 pugnae
559 685 876 735 Phar-salicae
899 686 1142 748 particeps
1160 684 1320 746 (Caes.
1335 683 1402 733 B.
1424 685 1481 734 G.-
1501 686 1616 743 111„
1634 689 1665 733 5
1690 694 1742 735 et
1763 686 1861 748 92).
1907 685 2036 736 Cu‘m

343 754 395 800 in
419 752 546 801 bello
574 753 779 814 perisset
801 749 977 813 (Brut.
1004 751 1141 812 266),
1167 750 1429 799 liberorum
1458 750 1564 798 eius
1586 750 1761 800 Cicero
1786 760 1921 800 tutor
1942 752 2038 800 fuit

344 816 440 879 (ad
469 816 633 866 Attio.
661 817 808 876 XII.‚
839 815 946 877 28).
1018 816 1184 865 Huius
1219 830 1419 879 quoque
1458 815 1652 864 litterae
1692 825 1743 865 et
1782 817 1947 865 studia
1984 817 2033 865 iu

345 884 504 932 Bruto
546 882 692 943 (265)
737 881 1038 930 laudantur:
1088 876 1182 927 Me
1224 880 1415 943 quidem
1457 881 1713 930 admodum
1762 880 2037 930 delectabat

345 951 493 996 etiam
526 947 721 997 Triarii
742 950 796 995 in
818 945 912 995 illa
935 953 1103 995 aetate
1119 943 1271 1009 plena
1288 944 1544 995 litteratae
1565 947 1828 996 senectutis
1854 946 2029 996 oratio.

351 1013 556 1071 Quanta
576 1013 815 1062 severitas
838 1012 894 1061 in
917 1009 1088 1061 vultu!
1124 1020 1357 1075 quantum
1376 1012 1563 1072 pondus
1584 1012 1639 1060 in
1662 1011 1823 1061 verbis
1837 1016 1861 1062 !
1898 1028 2037 1075 quam

345 1078 474 1128 nihil
503 1094 598 1127 non
630 1075 982 1126 consideratum
1014 1076 1185 1125 exibat
1218 1093 1279 1125 ex
1312 1078 1432 1127 ore!
1500 1077 1613 1138 Quo
1646 1085 1774 1126 teste
1813 1077 2037 1127 nonnulli

346 1159 464 1193 eum
487 1160 532 1192 a.
554 1147 616 1192 52
641 1144 895 1191 tribunum
916 1142 1071 1205 plebis
1095 1143 1248 1191 fuisse
1269 1150 1509 1203 statuant,
1530 1142 1724 1204 nesci03
1762 1157 1855 1192 nec
1877 1143 2038 1204 magis

345 1209 462 1270 sci0,
489 1224 578 1258 cur
612 1208 916 1259 Goerenzius
951 1208 1042 1271 (ad
1075 1208 1141 1269 1.,
1167 1210 1255 1269 13)
1288 1222 1405 1256 eum
1439 1207 1770 1270 quadraginta
1802 1219 2039 1271 quattuor

344 1276 424 1325 vel
462 1274 678 1338 quinque
717 1288 876 1322 annos
914 1283 1090 1322 natum
1128 1274 1292 1322 obisse
1328 1273 1463 1321 dicat
1499 1282 1551 1322 et
1585 1272 1699 1322 ideo
1736 1288 1766 1321 a
1800 1274 2039 1323 Cicerone

344 1340 714 1389 adulescentem
747 1339 999 1401 appellari.
1073 1339 1194 1400 Ipsa
1225 1338 1349 1387 haec
1380 1338 1649 1401 appellatio
1683 1338 2039 1401 Ciceronisque

343 1406 396 1454 in
418 1407 577 1455 Bruto
594 1406 746 1455 verba
762 1405 841 1469 (in
858 1404 944 1452 illa
963 1405 1148 1467 aetate)
1167 1404 1421 1468 aliquanto
1437 1404 1681 1453 minorem
1699 1404 1853 1453 fuisse
1874 1414 2040 1454 osten·

344 1472 482 1521 dunt.

426 1592 472 1649 I.
561 1597 612 1649 1.
657 1591 793 1649 Non
834 1609 990 1648 eram
1032 1589 1274 1661 nescius,
1299 1589 1499 1661 Brute,
1524 1609 1675 1661 cum,
1700 1609 1846 1667 quae
1889 1609 2039 1649 sum-

346 1673 460 1729 mis
488 1671 734 1748 ingeniis
762 1669 1159 1746 exquisitaque
1180 1669 1445 1727 doctrina
1466 1668 1800 1746 philosophi
1818 1669 2038 1728 Graeco

349 1769 612 1809 sermone
653 1748 1066 1818 tractavissent,
1107 1767 1176 1805 ea
1223 1747 1446 1820 Latinis
1493 1748 1701 1806 litteris
1746 1749 2041 1807 mandare·

348 1850 495 1902 mus,
530 1830 675 1900 fore,
711 1836 778 1886 ut
818 1827 914 1885 hic
962 1834 1160 1885 noster
1198 1827 1361 1885 labor
1408 1828 1471 1885 in
1511 1828 1695 1886 varias
1741 1828 2041 1906 reprehen-

349 1912 540 1969 siones
581 1910 907 1967 incurreret.
961 1907 1146 1965 ‘Nam
1191 1906 1554 1986 quibusdam,
1589 1915 1650 1966 et
1690 1908 1762 1967 iis
1804 1909 2039 1987 quidem

348 2010 466 2049 non
494 1989 810 2048 admodum
838 1988 1106 2059 indoctiS,
1125 1995 1318 2046 totum
1346 1988 1459 2047 hoc
1487 1987 1769 2067 displicet,
1789 1989 2041 2067 philoso-

345 2071 527 2149 phari.
613 2069 864 2139 Quidam
899 2076 1091 2126 autem
1124 2088 1244 2126 non
1277 2075 1400 2128 tam
1428 2068 1491 2126 id
1523 2069 1966 2148 reprehendunt,
1990 2070 2041 2129 si

345 2150 639 2209 remissius
679 2157 899 2227 agatur,
930 2148 1032 2206 sed
1064 2155 1295 2207 tantum
1328 2148 1586 2207 studium
1621 2155 1856 2228 tamque
1896 2150 2040 2209 mul-

345 2238 467 2289 tam
490 2249 724 2308 operam
752 2229 1081 2308 ponendam
1111 2229 1172 2286 in
1195 2248 1265 2287 eo
1285 2249 1406 2287 non
1433 2228 1796 2288 arbitrantur.
1854 2230 2042 2289 Erunt

345 2312 539 2383 etiam,
571 2318 630 2368 et
661 2310 725 2368 hi
759 2309 995 2388 quidem
1028 2308 1243 2367 eruditi
1273 2309 1507 2367 Graecis
1538 2309 1762 2383 litteris,
1788 2318 2041 2368 contem-

345 2398 549 2449 nentes
598 2390 847 2462 Latinas,
885 2389 986 2467 qui
1034 2408 1095 2447 se
1144 2389 1340 2447 dicant
1388 2390 1449 2447 in
1495 2388 1729 2448 Graecis
1783 2390 2041 2467 legendis

346 2490 581 2549 operam
608 2471 778 2528 malle
807 2488 1157 2528 consumere.
1229 2468 1534 2528 Postremo
1562 2470 1786 2548 aliquos
1812 2471 2041 2528 futuros

346 2551 622 2628 suspicor,
654 2551 755 2628 qui
787 2570 880 2607 me
923 2549 997 2687 aq
1030 2549 1169 2607 alias
1201 2548 1420 2607 litteras
1452 2557 1676 2623 vocent,
1703 2569 1889 2627 genus
1929 2549 2040 2608 hoc

346 2631 650 2702 scribendi,
682 2631 791 2689 etsi
829 2631 905 2688 sit
941 2649 973 2688 e
997 2649 1188 2707 egans,
1217 2648 1494 2707 personae
1531 2637 1724 2689 tamen
1763 2637 1824 2687 et
1855 2629 2042 2707 digni-

345 2712 484 2769 tatis
517 2730 638 2769 esse
671 2717 901 2787 negent.
987 2716 1040 2767 2.
1077 2709 1296 2767 Contra
1324 2729 1469 2788 quos
1502 2729 1703 2767 omnes
1730 2709 2038 2767 dicendum

347 2791 594 2849 breviter
619 2791 905 2848 existimo,
983 2788 1347 2867 Quamquam
1376 2787 1776 2868 philosophiae
1806 2789 2038 2867 quidem

346 2870 833 2948 vituperatoribus
874 2870 1011 2927 satis
1051 2889 1391 2947 responsum
1429 2878 1516 2927 est
1554 2889 1623 2927 eo
1660 2868 1824 2941 libro,
1858 2889 1972 2948 quo
2006 2889 2041 2927 a

347 2951 517 3009 nobis
569 2950 939 3028 philosophia
987 2950 1227 3007 defensa
1278 2958 1337 3007 et
1385 2949 1707 3006 collaudata
1759 2957 1861 3020 est,
1906 2969 2039 3008 cum

347 3038 498 3089 esset
525 3038 788 3088 accusata
815 3038 874 3088 et
901 3031 1224 3107 vituperata
1252 3029 1324 3086 ab
1353 3029 1687 3087 HortensiO.
1754 3029 1868 3099 Qui
1897 3030 2041 3087 liber

348 3131 482 3169 cum
512 3119 570 3169 et
597 3111 707 3169 tibi
735 3110 1009 3188 probat-us
1038 3109 1327 3167 videretur
1355 3116 1414 3166 et
1440 3105 1528 3179 iis,
1556 3128 1700 3185 quos
1734 3129 1841 3185 ego
1869 3128 2039 3186 posse

318 3183 601 3251 'iudicare
635 3191 952 3264 arbitrarer,
983 3189 1149 3268 plura
1182 3188 1424 3266 suscepi,
1447 3189 1679 3261 veritus,
1699 3205 1775 3247 ne
1808 3206 2040 3247 movere
