2259 3467
772 105 1556 179 L113.v.,oA1>.VI.,v11.‘
1631 145 1638 151 -
1896 110 1992 168 ‘153

294 217 703 289 valetudinem,
729 236 926 276 sensus
969 218 1241 295 integrOS,
1267 218 1484 278 doloris
1528 218 1888 290 vacuitatem,
1914 219 1992 276 vi-

295 319 402 371 reS,
427 298 937 391 pulch1·itudin,·‚em
962 305 1150 356 cetera
1181 299 1406 376 generis
1442 299 1715 370 eiusdem,
1745 318 1989 377 quorum

294 379 510 437 similia
538 385 673 436 sunt
700 379 887 455 prima
913 379 974 436 in
1003 378 1227 450 animis,
1252 379 1411 457 quasi
1444 379 1719 436 virtutum
1752 379 1989 471 igniculi

292 467 355 518 'et
384 459 619 517 semina.
697 458 785 516 Ex
815 458 906 515 his
932 458 1117 516 tribus
1146 477 1275 516 cuin
1308 478 1485 516 unum
1516 458 1734 537 aliquid
1760 459 1851 531 sit,
1874 478 1989 537 quo

294 540 551 618 primum
588 544 790 596 natura
815 546 1115 596 moveatur
1144 538 1229 608 vel
1259 538 1333 597 ad
1366 540 1757 617 appetendum
1795 538 1880 597 vel
1916 539 1991 598 ad

294 619 706 697 repellendum,
730 637 835 676 nec
858 619 1173 696 quidquam
1199 619 1436 676 omnino
1464 626 1690 697 practer
1718 619 1858 677 haec
1880 619 1992 677 tria

294 701 482 777 possit
503 718 640 771 esse,
665 718 892 757 necesse
925 706 1013 757 est
1041 699 1281 756 omnino
1311 697 1561 757 officium
1593 706 1693 757 aut
1723 700 1990 776 fugiendi

294 788 398 838 aut
431 779 707 858 sequendi
741 779 815 837 ad
848 798 1043 836 corum
1094 779 1313 857 aliquid
1353 779 1570 849 referri,
1604 786 1668 837 ut
1717 779 1814 837 ina
1861 799 1990 857 pru-

292 860 510 931 dentia,
548 878 719 937 quam
770 867 949 917 artem
999 860 1152 917 vitae
1201 879 1322 917 esse
1377 859 1644 931 dixiinuS,
1683 859 1743 917 in
1794 879 1988 917 earum

293 941 473 998 trium
503 958 692 997 rerum
721 938 911 1017 aliqua
938 949 1207 1010 versetur,
1228 959 1262 996 a
1283 959 1396 1017 qua
1423 940 1603 997 totius
1632 940 1781 998 vitae
1817 939 1991 998 ducat

287 1020 614 1078 exordium.
703 1025 793 1077 19.
838 1019 926 1077 Ex
968 1039 1037 1078 eo
1083 1028 1294 1091 autem,
1327 1019 1485 1096 quod
1533 1020 1797 1078 statuerit
1848 1039 1987 1091 esse,

295 1120 413 1179 quo
442 1100 696 1178 primum
725 1106 929 1157 natura
954 1107 1268 1169 moveatur,
1292 1097 1499 1158 existet
1530 1101 1669 1159 recti
1698 1102 1872 1158 etiam
1909 1120 1991 1158 ra-

292 1182 380 1239 tio
402 1189 577 1259 atque
605 1179 849 1252 honesti,
876 1198 1020 1257 quae
1042 1199 1173 1238 cum
1205 1180 1397 1257 aliquo
1420 1199 1536 1238 uno
1564 1200 1633 1238 ex
1657 1180 1841 1239 tribus
1876 1181 1990 1239 illis

286 1274 402 1320 'con
479 1280 609 1318 uere
637 1260 837 1337 possit,
860 1267 926 1317 ut
956 1265 1071 1318 aut'
1099 1260 1161 1318 id
1192 1260 1499 1319 honestum
1531 1261 1622 1332 sit,
1647 1262 1834 1320 facere
1870 1275 1990 1319 om‘-

287 1342 392 1399 'nia
405 1280 582 1418 gEut]
617 1340 932 1418 voluptatis
973 1360 1157 1412 causa,
1189 1341 1413 1399 etiamsi
1460 1360 1585 1399 eam
1625 1361 1742 1399 non
1796 1361 1989 1399 conse-

294 1440 487 1499 quare,
512 1428 613 1478 aut
639 1440 756 1482 non
799 1420 1051 1493 dolendi,
1083 1421 1308 1479 etiamsi
1352 1419 1413 1478 id
1447 1422 1670 1499 assequi
1721 1440 1985 1498 nequeaS,

285 1508 395 1560 'aut
412 1520 629 1572 eorum,
651 1520 795 1578 quae
813 1500 1127 1558 secundum
1151 1508 1414 1560 naturam
1431 1508 1581 1572 sunt,
1610 1500 1985 1577 adipiscendi,

294 1581 521 1640 etiamsi
563 1580 707 1638 nihil
749 1600 1112 1675 consequare.
1198 1580 1289 1638 Ita
1331 1579 1414 1651 fit,
1451 1588 1533 1651 ut,
1571 1588 1785 1658 quanta
1827 1580 1989 1639 diffc-

288 1663 481 1721 rentia
501 1669 588 1719 est
608 1661 667 1718 in
691 1660 990 1740 principiis
1019 1660 1387 1732 naturalibus,
1408 1668 1571 1719 tanta
1599 1661 1671 1719 sit
1693 1661 1750 1717 in
1776 1658 1987 1718 finibus

286 1742 578 1801 bonorum
628 1742 1025 1819 malorumque
1074 1741 1501 1800 dissimilitudo.
1591 1741 1712 1798 Alii
1761 1760 1984 1798 rursum

292 1823 500 1880 iisdem
544 1842 578 1880 a
617 1822 918 1900 principiis
961 1840 1132 1879 omne
1172 1821 1423 1879 officium
1474 1821 1724 1879 referent
1771 1828 1872 1879 aut
1912 1821 1986 1879 ad

290 1902 653 1980 voluptatem
687 1909 787 1959 aut
816 1901 891 1959 ad
923 1921 1040 1959 non
1075 1901 1390 1959 dolendum
1428 1911 1528 1959 aut
1563 1901 1637 1960 ad
1670 1903 1857 1991 prima
1888 1901 1988 1960 illa

294 1983 612 2041 secundum
657 1990 919 2040 naturam
970 1981 1301 2040 obtinenda.
1390 1987 1484 2040 20.
1533 1979 1828 2075 Expositis
1869 1982 1985 2039 iam

292 2064 475 2139 igitur
515 2082 612 2121 sex
657 2063 730 2120 de
772 2081 1001 2120 summo
1037 2062 1194 2119 bono
1240 2062 1555 2134 sententiiS,
1587 2063 1763 2120 trium
1798 2063 1987 2139 proxi-

284 2137 518 2200 'marum
554 2143 614 2200 hi
647 2142 967 2221 principes:
1002 2141 1318 2219 voluptatis
1356 2142 1703 2221 Aristippus,
1735 2162 1851 2200 non
1887 2143 1986 2201 do-

295 2223 451 2281 lendi
480 2222 891 2299 HieronymuS,
917 2223 1149 2280 fruendi
1179 2222 1346 2281 rebus
1376 2224 1463 2295 iis,
1489 2243 1629 2302 quas
1657 2224 1871 2300 primas
1905 2243 1987 2281 se-

286 2303 548 2361 cundum
594 2311 854 2360 naturam
898 2322 1018 2360 esse
1060 2303 1329 2374 diximus,
1364 2303 1685 2361 Carneades
1728 2323 1844 2361 non
1889 2304 1985 2362 ine

295 2384 530 2460 quidem
573 2381 788 2453 auctor,
821 2382 923 2440 sed
972 2382 1243 2441 defensor
1279 2383 1595 2441 disserendi
1640 2403 1808 2440 causa
1849 2384 1980 2442 fuit.

282 2463 630 2540 ‘Superiores
659 2471 773 2521 tres
801 2471 978 2532 erant,
1005 2482 1151 2539 quae
1181 2482 1301 2520 esse
1324 2469 1592 2540 possent3
1629 2482 1868 2539 quarum
1898 2470 1986 2521 est

290 2563 410 2600 una
445 2543 565 2600 sola
597 2543 834 2601 defensa
867 2562 1046 2619 eaque
1081 2542 1460 2600 vehementer.
1547 2542 1696 2599 Nam
1728 2542 1986 2620 volupta-

283 2625 370 2680 ‘tis
404 2642 575 2681 causa
606 2624 794 2681 facere
830 2629 1041 2694 omnia,
1069 2641 1218 2693 cum,
1244 2622 1469 2680 etiamsi
1504 2621 1646 2679 nihil
1676 2641 1986 2700 consequa—

293 2722 442 2772 mur,
473 2711 663 2761 tamen
711 2704 899 2779 ipsum
939 2702 1082 2760 illud
1120 2702 1423 2760 consilium
1467 2702 1547 2760 ita
1587 2702 1840 2760 faciendi
1880 2722 1984 2779 per

282 2801 355 2840 ‘se
405 2781 791 2860 expetendum
836 2789 896 2840 et
936 2782 1243 2840 honestum
1290 2789 1349 2840 et
1398 2781 1582 2840 solum
1626 2781 1844 2839 bonum
1888 2783 1980 2852 sit,

294 2882 469 2922 nemo
508 2863 672 2922 dixit.
760 2861 850 2920 Ne
893 2861 1230 2920 vitationem
1271 2862 1502 2940 quidem
1543 2862 1757 2920 doloris
1797 2863 1980 2940 ipsam

292 2962 399 3020 per
448 2962 507 3001 se
551 2944 851 3021 quisquam
897 2941 957 2999 in
998 2941 1169 2999 rebus
1218 2941 1553 3020 expetendis
1590 2943 1833 3035 putavit,
1870 2943 1983 3000 nisi

293 3023 469 3080 etiam
530 3024 741 3080 evitare
797 3029 1007 3097 posset.
1107 3023 1195 3079 At
1244 3042 1376 3079 vero
1430 3023 1618 3079 facere
1673 3023 1884 3093 omnia,
1917 3029 1983 3079 ut

293 3103 697 3181 adipiscamur,
731 3121 874 3178 quac
914 3101 1226 3158 secundum
1269 3108 1531 3159 naturam
1574 3108 1724 3173 sunt,
1757 3102 1982 3160 etiamsi

282 3191 362 3240 ‘ea
418 3202 535 3240 non
591 3200 975 3258 assequamur,
1020 3180 1081 3238 id
1136 3200 1255 3241 esse
1311 3188 1370 3239 et
1409 3180 1727 3243 honestum
1784 3188 1843 3240 et
1895 3201 1983 3248 so-
