<?xml version="1.0" encoding="UTF-8"?>
<!DOCTYPE html PUBLIC "-//W3C//DTD XHTML 1.0 Transitional//EN"
    "http://www.w3.org/TR/xhtml1/DTD/xhtml1-transitional.dtd">
<html xmlns="http://www.w3.org/1999/xhtml" xml:lang="en" lang="en">
 <head>
  <title>
</title>
<meta http-equiv="Content-Type" content="text/html;charset=utf-8" />
  <meta name='ocr-system' content='tesseract 3.04.00' />
  <meta name='ocr-capabilities' content='ocr_page ocr_carea ocr_par ocr_line ocrx_word'/>
</head>
<body>
  <div class='ocr_page' id='page_1' title='image "./definibusbonoru05cicegoog_0154.png"; bbox 0 0 2259 3467; ppageno 0'>
   <div class='ocr_carea' id='block_1_1' title="bbox 279 101 1792 158">
    <p class='ocr_par' dir='ltr' id='par_1_1' title="bbox 279 101 1792 158">
     <span class='ocr_line' id='line_1_1' title="bbox 279 101 1792 158; baseline 0.002 -4"><span class='ocrx_word' id='word_1_1' title='bbox 279 107 374 154; x_wconf 81' lang='lat'><strong>142</strong></span> <span class='ocrx_word' id='word_1_2' title='bbox 440 106 540 155; x_wconf 78' lang='lat' dir='ltr'><strong>DE</strong></span> <span class='ocrx_word' id='word_1_3' title='bbox 572 106 866 157; x_wconf 85' lang='lat' dir='ltr'>FINIBUS</span> <span class='ocrx_word' id='word_1_4' title='bbox 897 106 1256 158; x_wconf 84' lang='lat' dir='ltr'>BONORUM</span> <span class='ocrx_word' id='word_1_5' title='bbox 1288 106 1382 155; x_wconf 89' lang='lat' dir='ltr'><strong>ET</strong></span> <span class='ocrx_word' id='word_1_6' title='bbox 1413 101 1792 157; x_wconf 81' lang='lat' dir='ltr'><strong>MALORUM.</strong></span> 
     </span>
    </p>
   </div>
   <div class='ocr_carea' id='block_1_2' title="bbox 271 205 1969 2444">
    <p class='ocr_par' dir='ltr' id='par_1_2' title="bbox 273 205 1969 1887">
     <span class='ocr_line' id='line_1_2' title="bbox 277 205 1965 284; baseline 0.002 -21"><span class='ocrx_word' id='word_1_7' title='bbox 277 207 429 264; x_wconf 90' lang='lat' dir='ltr'><strong>enim</strong></span> <span class='ocrx_word' id='word_1_8' title='bbox 461 207 836 266; x_wconf 87' lang='lat' dir='ltr'><strong>concludatur</strong></span> <span class='ocrx_word' id='word_1_9' title='bbox 864 205 1074 284; x_wconf 83' lang='lat' dir='ltr'><strong>oratio)</strong></span> <span class='ocrx_word' id='word_1_10' title='bbox 1098 208 1211 265; x_wconf 86' lang='lat' dir='ltr'><strong>hoc</strong></span> <span class='ocrx_word' id='word_1_11' title='bbox 1234 227 1350 266; x_wconf 90' lang='lat' dir='ltr'><strong>uno</strong></span> <span class='ocrx_word' id='word_1_12' title='bbox 1373 208 1516 265; x_wconf 85' lang='lat' dir='ltr'><strong>vit-io</strong></span> <span class='ocrx_word' id='word_1_13' title='bbox 1546 208 1795 266; x_wconf 83' lang='lat' dir='ltr'><strong>maxime</strong></span> <span class='ocrx_word' id='word_1_14' title='bbox 1814 208 1965 267; x_wconf 91' lang='lat' dir='ltr'><strong>mihi</strong></span> 
     </span>
     <span class='ocr_line' id='line_1_3' title="bbox 276 287 1966 366; baseline 0.002 -22"><span class='ocrx_word' id='word_1_15' title='bbox 276 288 461 365; x_wconf 81' lang='lat' dir='ltr'><strong>pre-mi</strong></span> <span class='ocrx_word' id='word_1_16' title='bbox 492 287 756 345; x_wconf 89' lang='lat' dir='ltr'><strong>videntur</strong></span> <span class='ocrx_word' id='word_1_17' title='bbox 784 289 870 346; x_wconf 89' lang='lat' dir='ltr'><strong>tui</strong></span> <span class='ocrx_word' id='word_1_18' title='bbox 899 287 1097 357; x_wconf 85' lang='lat' dir='ltr'>Stoici,</span> <span class='ocrx_word' id='word_1_19' title='bbox 1121 288 1276 366; x_wconf 87' lang='lat' dir='ltr'><strong>quod</strong></span> <span class='ocrx_word' id='word_1_20' title='bbox 1300 307 1359 345; x_wconf 90' lang='lat' dir='ltr'><strong>se</strong></span> <span class='ocrx_word' id='word_1_21' title='bbox 1388 307 1555 365; x_wconf 91' lang='lat' dir='ltr'><strong>posse</strong></span> <span class='ocrx_word' id='word_1_22' title='bbox 1581 295 1793 365; x_wconf 87' lang='lat' dir='ltr'><strong>putant</strong></span> <span class='ocrx_word' id='word_1_23' title='bbox 1820 290 1966 347; x_wconf 88' lang='lat' dir='ltr'><strong>duas</strong></span> 
     </span>
     <span class='ocr_line' id='line_1_4' title="bbox 275 367 1964 437; baseline 0.001 -13"><span class='ocrx_word' id='word_1_24' title='bbox 275 368 588 425; x_wconf 87' lang='lat' dir='ltr'><strong>contrarias</strong></span> <span class='ocrx_word' id='word_1_25' title='bbox 621 369 933 426; x_wconf 85' lang='lat' dir='ltr'><strong>sententias</strong></span> <span class='ocrx_word' id='word_1_26' title='bbox 967 367 1243 426; x_wconf 84' lang='lat' dir='ltr'><strong>obt-inere.</strong></span> <span class='ocrx_word' id='word_1_27' title='bbox 1329 367 1485 437; x_wconf 87' lang='lat' dir='ltr'><strong>Quid</strong></span> <span class='ocrx_word' id='word_1_28' title='bbox 1519 369 1672 425; x_wconf 90' lang='lat' dir='ltr'><strong>enim</strong></span> <span class='ocrx_word' id='word_1_29' title='bbox 1719 375 1808 426; x_wconf 87' lang='lat' dir='ltr'><strong>est</strong></span> <span class='ocrx_word' id='word_1_30' title='bbox 1840 377 1964 426; x_wconf 87' lang='lat' dir='ltr'><strong>tarn</strong></span> 
     </span>
     <span class='ocr_line' id='line_1_5' title="bbox 276 448 1961 525; baseline 0.002 -22"><span class='ocrx_word' id='word_1_31' title='bbox 276 466 601 524; x_wconf 80' lang='lat' dir='ltr'>repugnans</span> <span class='ocrx_word' id='word_1_32' title='bbox 631 467 803 525; x_wconf 86' lang='lat' dir='ltr'><strong>quam</strong></span> <span class='ocrx_word' id='word_1_33' title='bbox 833 448 1077 506; x_wconf 87' lang='lat' dir='ltr'><strong>eundem</strong></span> <span class='ocrx_word' id='word_1_34' title='bbox 1110 448 1316 519; x_wconf 81' lang='lat' dir='ltr'><strong>dicere,</strong></span> <span class='ocrx_word' id='word_1_35' title='bbox 1342 448 1498 525; x_wconf 89' lang='lat' dir='ltr'><strong>quod</strong></span> <span class='ocrx_word' id='word_1_36' title='bbox 1528 448 1836 507; x_wconf 89' lang='lat' dir='ltr'><strong>honestum</strong></span> <span class='ocrx_word' id='word_1_37' title='bbox 1868 450 1961 520; x_wconf 91' lang='lat' dir='ltr'><strong>sit,</strong></span> 
     </span>
     <span class='ocr_line' id='line_1_6' title="bbox 275 527 1961 606; baseline 0.002 -23"><span class='ocrx_word' id='word_1_38' title='bbox 275 527 462 585; x_wconf 86' lang='lat' dir='ltr'><strong>solum</strong></span> <span class='ocrx_word' id='word_1_39' title='bbox 491 527 552 584; x_wconf 92' lang='lat' dir='ltr'><strong>id</strong></span> <span class='ocrx_word' id='word_1_40' title='bbox 581 527 796 585; x_wconf 83' lang='lat' dir='ltr'>boumn</span> <span class='ocrx_word' id='word_1_41' title='bbox 833 548 971 600; x_wconf 90' lang='lat' dir='ltr'><strong>esse,</strong></span> <span class='ocrx_word' id='word_1_42' title='bbox 998 528 1098 605; x_wconf 91' lang='lat' dir='ltr'><strong>qui</strong></span> <span class='ocrx_word' id='word_1_43' title='bbox 1126 527 1284 585; x_wconf 87' lang='lat' dir='ltr'><strong>dicat</strong></span> <span class='ocrx_word' id='word_1_44' title='bbox 1316 528 1733 606; x_wconf 90' lang='lat' dir='ltr'><strong>appetitionem</strong></span> <span class='ocrx_word' id='word_1_45' title='bbox 1772 548 1961 586; x_wconf 90' lang='lat' dir='ltr'><strong>rerum</strong></span> 
     </span>
     <span class='ocr_line' id='line_1_7' title="bbox 275 606 1966 684; baseline 0.002 -21"><span class='ocrx_word' id='word_1_46' title='bbox 275 606 349 664; x_wconf 91' lang='lat' dir='ltr'><strong>ad</strong></span> <span class='ocrx_word' id='word_1_47' title='bbox 378 607 684 665; x_wconf 82' lang='lat' dir='ltr'><strong>vivendum</strong></span> <span class='ocrx_word' id='word_1_48' title='bbox 720 608 1284 667; x_wconf 84' lang='lat' dir='ltr'><strong>accommodatarum</strong></span> <span class='ocrx_word' id='word_1_49' title='bbox 1313 628 1349 664; x_wconf 92' lang='lat' dir='ltr'><strong>a</strong></span> <span class='ocrx_word' id='word_1_50' title='bbox 1376 616 1577 666; x_wconf 87' lang='lat' dir='ltr'><strong>natura</strong></span> <span class='ocrx_word' id='word_1_51' title='bbox 1606 608 1966 684; x_wconf 66' lang='lat' dir='ltr'><strong>profectam?</strong></span> 
     </span>
     <span class='ocr_line' id='line_1_8' title="bbox 277 685 1966 766; baseline 0.003 -24"><span class='ocrx_word' id='word_1_52' title='bbox 277 685 367 745; x_wconf 89' lang='lat' dir='ltr'><strong>Ita</strong></span> <span class='ocrx_word' id='word_1_53' title='bbox 393 706 521 744; x_wconf 92' lang='lat' dir='ltr'><strong>cum</strong></span> <span class='ocrx_word' id='word_1_54' title='bbox 555 707 621 745; x_wconf 92' lang='lat' dir='ltr'><strong>ea</strong></span> <span class='ocrx_word' id='word_1_55' title='bbox 650 688 851 746; x_wconf 87' lang='lat' dir='ltr'><strong>volunt</strong></span> <span class='ocrx_word' id='word_1_56' title='bbox 878 688 1138 757; x_wconf 88' lang='lat' dir='ltr'><strong>retinere,</strong></span> <span class='ocrx_word' id='word_1_57' title='bbox 1165 707 1309 765; x_wconf 90' lang='lat' dir='ltr'><strong>quae</strong></span> <span class='ocrx_word' id='word_1_58' title='bbox 1338 688 1615 766; x_wconf 90' lang='lat' dir='ltr'><strong>superiori</strong></span> <span class='ocrx_word' id='word_1_59' title='bbox 1646 689 1966 747; x_wconf 81' lang='lat' dir='ltr'><strong>sententiae</strong></span> 
     </span>
     <span class='ocr_line' id='line_1_9' title="bbox 275 767 1962 844; baseline 0.002 -21"><span class='ocrx_word' id='word_1_60' title='bbox 275 768 640 838; x_wconf 89' lang='lat' dir='ltr'><strong>conveniunt,</strong></span> <span class='ocrx_word' id='word_1_61' title='bbox 664 768 724 825; x_wconf 92' lang='lat' dir='ltr'><strong>in</strong></span> <span class='ocrx_word' id='word_1_62' title='bbox 756 768 1088 826; x_wconf 84' lang='lat' dir='ltr'><strong>Aristonem</strong></span> <span class='ocrx_word' id='word_1_63' title='bbox 1119 768 1418 840; x_wconf 82' lang='lat' dir='ltr'><strong>incidunt3</strong></span> <span class='ocrx_word' id='word_1_64' title='bbox 1454 787 1583 826; x_wconf 88' lang='lat' dir='ltr'><strong>cum</strong></span> <span class='ocrx_word' id='word_1_65' title='bbox 1615 767 1677 825; x_wconf 93' lang='lat' dir='ltr'><strong>id</strong></span> <span class='ocrx_word' id='word_1_66' title='bbox 1705 768 1962 844; x_wconf 85' lang='lat' dir='ltr'><strong>fugiunt,</strong></span> 
     </span>
     <span class='ocr_line' id='line_1_10' title="bbox 273 847 1968 925; baseline 0.001 -21"><span class='ocrx_word' id='word_1_67' title='bbox 273 866 335 904; x_wconf 90' lang='lat' dir='ltr'><strong>re</strong></span> <span class='ocrx_word' id='word_1_68' title='bbox 369 847 567 905; x_wconf 88' lang='lat' dir='ltr'><strong>eadem</strong></span> <span class='ocrx_word' id='word_1_69' title='bbox 602 848 941 919; x_wconf 87' lang='lat' dir='ltr'><strong>defendunt,</strong></span> <span class='ocrx_word' id='word_1_70' title='bbox 963 867 1107 925; x_wconf 89' lang='lat' dir='ltr'><strong>quae</strong></span> <span class='ocrx_word' id='word_1_71' title='bbox 1142 848 1529 925; x_wconf 79' lang='lat' dir='ltr'><strong>Peripatetici,</strong></span> <span class='ocrx_word' id='word_1_72' title='bbox 1560 848 1734 905; x_wconf 88' lang='lat' dir='ltr'><strong>verba</strong></span> <span class='ocrx_word' id='word_1_73' title='bbox 1764 855 1968 906; x_wconf 89' lang='lat' dir='ltr'><strong>tenent</strong></span> 
     </span>
     <span class='ocr_line' id='line_1_11' title="bbox 276 927 1967 998; baseline 0.001 -14"><span class='ocrx_word' id='word_1_74' title='bbox 276 928 578 987; x_wconf 77' lang='lat' dir='ltr'><strong>mordicus,</strong></span> <span class='ocrx_word' id='word_1_75' title='bbox 651 928 811 998; x_wconf 82' lang='lat' dir='ltr'><strong>Quae</strong></span> <span class='ocrx_word' id='word_1_76' title='bbox 841 948 1032 987; x_wconf 88' lang='lat' dir='ltr'><strong>rursus</strong></span> <span class='ocrx_word' id='word_1_77' title='bbox 1060 928 1198 986; x_wconf 91' lang='lat' dir='ltr'><strong>dum</strong></span> <span class='ocrx_word' id='word_1_78' title='bbox 1224 927 1334 985; x_wconf 89' lang='lat' dir='ltr'><strong>sibi</strong></span> <span class='ocrx_word' id='word_1_79' title='bbox 1358 928 1521 985; x_wconf 89' lang='lat' dir='ltr'><strong>evelli</strong></span> <span class='ocrx_word' id='word_1_80' title='bbox 1540 948 1609 985; x_wconf 87' lang='lat' dir='ltr'><strong>ex</strong></span> <span class='ocrx_word' id='word_1_81' title='bbox 1633 928 1834 986; x_wconf 79' lang='lat' dir='ltr'><strong>ordine</strong></span> <span class='ocrx_word' id='word_1_82' title='bbox 1863 947 1967 986; x_wconf 90' lang='lat' dir='ltr'><strong>no-</strong></span> 
     </span>
     <span class='ocr_line' id='line_1_12' title="bbox 277 1008 1967 1085; baseline 0.001 -21"><span class='ocrx_word' id='word_1_83' title='bbox 277 1008 418 1079; x_wconf 92' lang='lat' dir='ltr'><strong>lunt,</strong></span> <span class='ocrx_word' id='word_1_84' title='bbox 443 1008 791 1066; x_wconf 85' lang='lat' dir='ltr'><strong>horridiores</strong></span> <span class='ocrx_word' id='word_1_85' title='bbox 824 1009 1091 1078; x_wconf 88' lang='lat' dir='ltr'><strong>evadunt,</strong></span> <span class='ocrx_word' id='word_1_86' title='bbox 1111 1008 1442 1085; x_wconf 84' lang='lat' dir='ltr'><strong>asperiores,</strong></span> <span class='ocrx_word' id='word_1_87' title='bbox 1474 1008 1733 1066; x_wconf 88' lang='lat' dir='ltr'><strong>duriores</strong></span> <span class='ocrx_word' id='word_1_88' title='bbox 1760 1015 1821 1066; x_wconf 92' lang='lat' dir='ltr'><strong>et</strong></span> <span class='ocrx_word' id='word_1_89' title='bbox 1843 1027 1967 1066; x_wconf 91' lang='lat' dir='ltr'><strong>ora·</strong></span> 
     </span>
     <span class='ocr_line' id='line_1_13' title="bbox 276 1087 1967 1167; baseline 0.001 -22"><span class='ocrx_word' id='word_1_90' title='bbox 276 1088 433 1145; x_wconf 90' lang='lat' dir='ltr'><strong>tione</strong></span> <span class='ocrx_word' id='word_1_91' title='bbox 452 1095 510 1145; x_wconf 91' lang='lat' dir='ltr'><strong>et</strong></span> <span class='ocrx_word' id='word_1_92' title='bbox 532 1089 803 1147; x_wconf 88' lang='lat' dir='ltr'><strong>moribus.</strong></span> <span class='ocrx_word' id='word_1_93' title='bbox 872 1088 904 1146; x_wconf 82' lang='lat'>7</span> <span class='ocrx_word' id='word_1_94' title='bbox 913 1095 964 1146; x_wconf 87' lang='lat'><strong>9.</strong></span> <span class='ocrx_word' id='word_1_95' title='bbox 1002 1087 1190 1157; x_wconf 82' lang='lat' dir='ltr'><strong>Quam</strong></span> <span class='ocrx_word' id='word_1_96' title='bbox 1221 1087 1449 1145; x_wconf 88' lang='lat' dir='ltr'><strong>illorum</strong></span> <span class='ocrx_word' id='word_1_97' title='bbox 1472 1088 1768 1146; x_wconf 86' lang='lat' dir='ltr'><strong>tristitiam</strong></span> <span class='ocrx_word' id='word_1_98' title='bbox 1789 1097 1967 1167; x_wconf 87' lang='lat' dir='ltr'><strong>atque</strong></span> 
     </span>
     <span class='ocr_line' id='line_1_14' title="bbox 274 1167 1968 1245; baseline 0.001 -21"><span class='ocrx_word' id='word_1_99' title='bbox 274 1169 637 1245; x_wconf 82' lang='lat' dir='ltr'><strong>asperitatem</strong></span> <span class='ocrx_word' id='word_1_100' title='bbox 660 1169 890 1245; x_wconf 85' lang='lat' dir='ltr'><strong>fugiens</strong></span> <span class='ocrx_word' id='word_1_101' title='bbox 903 1168 1213 1226; x_wconf 88' lang='lat' dir='ltr'><strong>Panaetius</strong></span> <span class='ocrx_word' id='word_1_102' title='bbox 1232 1188 1337 1226; x_wconf 90' lang='lat' dir='ltr'><strong>nec</strong></span> <span class='ocrx_word' id='word_1_103' title='bbox 1353 1167 1719 1226; x_wconf 82' lang='lat' dir='ltr'><strong>acerbitatem</strong></span> <span class='ocrx_word' id='word_1_104' title='bbox 1741 1176 1968 1226; x_wconf 86' lang='lat' dir='ltr'><strong>senten-</strong></span> 
     </span>
     <span class='ocr_line' id='line_1_15' title="bbox 275 1247 1969 1326; baseline 0.001 -22"><span class='ocrx_word' id='word_1_105' title='bbox 275 1247 484 1304; x_wconf 91' lang='lat' dir='ltr'><strong>tiarum</strong></span> <span class='ocrx_word' id='word_1_106' title='bbox 508 1268 611 1306; x_wconf 92' lang='lat' dir='ltr'><strong>nee</strong></span> <span class='ocrx_word' id='word_1_107' title='bbox 634 1249 947 1306; x_wconf 86' lang='lat' dir='ltr'><strong>disserendi</strong></span> <span class='ocrx_word' id='word_1_108' title='bbox 978 1250 1173 1326; x_wconf 84' lang='lat' dir='ltr'><strong>spinas</strong></span> <span class='ocrx_word' id='word_1_109' title='bbox 1194 1248 1477 1326; x_wconf 89' lang='lat' dir='ltr'><strong>probavit,</strong></span> <span class='ocrx_word' id='word_1_110' title='bbox 1494 1248 1722 1326; x_wconf 85' lang='lat' dir='ltr'><strong>fuitque</strong></span> <span class='ocrx_word' id='word_1_111' title='bbox 1745 1249 1803 1305; x_wconf 88' lang='lat' dir='ltr'><strong>in</strong></span> <span class='ocrx_word' id='word_1_112' title='bbox 1827 1249 1969 1306; x_wconf 86' lang='lat' dir='ltr'><strong>alte-</strong></span> 
     </span>
     <span class='ocr_line' id='line_1_16' title="bbox 274 1328 1969 1406; baseline 0.002 -23"><span class='ocrx_word' id='word_1_113' title='bbox 274 1346 338 1383; x_wconf 91' lang='lat' dir='ltr'><strong>ro</strong></span> <span class='ocrx_word' id='word_1_114' title='bbox 359 1347 566 1404; x_wconf 86' lang='lat' dir='ltr'><strong>genere</strong></span> <span class='ocrx_word' id='word_1_115' title='bbox 591 1330 801 1400; x_wconf 86' lang='lat' dir='ltr'><strong>mitior,</strong></span> <span class='ocrx_word' id='word_1_116' title='bbox 816 1330 873 1386; x_wconf 91' lang='lat' dir='ltr'><strong>in</strong></span> <span class='ocrx_word' id='word_1_117' title='bbox 895 1329 1073 1386; x_wconf 88' lang='lat' dir='ltr'><strong>altero</strong></span> <span class='ocrx_word' id='word_1_118' title='bbox 1097 1328 1388 1396; x_wconf 89' lang='lat' dir='ltr'><strong>illustrior,</strong></span> <span class='ocrx_word' id='word_1_119' title='bbox 1400 1347 1737 1406; x_wconf 88' lang='lat' dir='ltr'><strong>semperque</strong></span> <span class='ocrx_word' id='word_1_120' title='bbox 1758 1328 1969 1386; x_wconf 86' lang='lat' dir='ltr'><strong>habuit</strong></span> 
     </span>
     <span class='ocr_line' id='line_1_17' title="bbox 274 1408 1969 1481; baseline 0.001 -17"><span class='ocrx_word' id='word_1_121' title='bbox 274 1408 332 1464; x_wconf 88' lang='lat' dir='ltr'><strong>in</strong></span> <span class='ocrx_word' id='word_1_122' title='bbox 385 1428 482 1466; x_wconf 89' lang='lat' dir='ltr'><strong>ore</strong></span> <span class='ocrx_word' id='word_1_123' title='bbox 530 1408 852 1481; x_wconf 86' lang='lat' dir='ltr'><strong>Platonem,</strong></span> <span class='ocrx_word' id='word_1_124' title='bbox 885 1408 1277 1480; x_wconf 83' lang='lat' dir='ltr'><strong>Aristotelem,</strong></span> <span class='ocrx_word' id='word_1_125' title='bbox 1324 1409 1727 1479; x_wconf 89' lang='lat' dir='ltr'><strong>Xenocratem,</strong></span> <span class='ocrx_word' id='word_1_126' title='bbox 1777 1408 1829 1465; x_wconf 87' lang='lat' dir='ltr'>T</span> <span class='ocrx_word' id='word_1_127' title='bbox 1832 1408 1969 1466; x_wconf 88' lang='lat' dir='ltr'><strong>heo-</strong></span> 
     </span>
     <span class='ocr_line' id='line_1_18' title="bbox 274 1488 1963 1566; baseline 0.001 -21"><span class='ocrx_word' id='word_1_128' title='bbox 274 1488 589 1565; x_wconf 89' lang='lat' dir='ltr'><strong>phrastum,</strong></span> <span class='ocrx_word' id='word_1_129' title='bbox 619 1489 1054 1560; x_wconf 86' lang='lat' dir='ltr'><strong>Dicaearchum,</strong></span> <span class='ocrx_word' id='word_1_130' title='bbox 1085 1497 1154 1547; x_wconf 93' lang='lat' dir='ltr'><strong>ut</strong></span> <span class='ocrx_word' id='word_1_131' title='bbox 1190 1489 1372 1566; x_wconf 86' lang='lat' dir='ltr'><strong>ipsius</strong></span> <span class='ocrx_word' id='word_1_132' title='bbox 1405 1489 1617 1565; x_wconf 84' lang='lat' dir='ltr'><strong>scripta</strong></span> <span class='ocrx_word' id='word_1_133' title='bbox 1650 1488 1963 1547; x_wconf 90' lang='lat' dir='ltr'><strong>declarant.</strong></span> 
     </span>
     <span class='ocr_line' id='line_1_19' title="bbox 275 1567 1966 1647; baseline 0.001 -22"><span class='ocrx_word' id='word_1_134' title='bbox 275 1567 434 1637; x_wconf 81' lang='lat' dir='ltr'><strong>Quos</strong></span> <span class='ocrx_word' id='word_1_135' title='bbox 463 1570 697 1647; x_wconf 92' lang='lat' dir='ltr'><strong>quidem</strong></span> <span class='ocrx_word' id='word_1_136' title='bbox 746 1570 854 1628; x_wconf 90' lang='lat' dir='ltr'><strong>tibi</strong></span> <span class='ocrx_word' id='word_1_137' title='bbox 892 1570 1148 1628; x_wconf 86' lang='lat' dir='ltr'><strong>studiose</strong></span> <span class='ocrx_word' id='word_1_138' title='bbox 1183 1576 1241 1628; x_wconf 91' lang='lat' dir='ltr'><strong>et</strong></span> <span class='ocrx_word' id='word_1_139' title='bbox 1282 1569 1589 1646; x_wconf 86' lang='lat' dir='ltr'><strong>diligenter</strong></span> <span class='ocrx_word' id='word_1_140' title='bbox 1632 1568 1966 1627; x_wconf 84' lang='lat' dir='ltr'><strong>tractandos</strong></span> 
     </span>
     <span class='ocr_line' id='line_1_20' title="bbox 275 1649 1966 1728; baseline 0.001 -22"><span class='ocrx_word' id='word_1_141' title='bbox 275 1668 486 1725; x_wconf 86' lang='lat' dir='ltr'><strong>magno</strong></span> <span class='ocrx_word' id='word_1_142' title='bbox 516 1669 688 1728; x_wconf 87' lang='lat' dir='ltr'><strong>opere</strong></span> <span class='ocrx_word' id='word_1_143' title='bbox 716 1670 936 1708; x_wconf 88' lang='lat' dir='ltr'><strong>censeo.</strong></span> <span class='ocrx_word' id='word_1_144' title='bbox 1024 1657 1116 1708; x_wconf 88' lang='grc'><strong>80.</strong></span> <span class='ocrx_word' id='word_1_145' title='bbox 1163 1649 1280 1708; x_wconf 87' lang='lat' dir='ltr'><strong>Sed</strong></span> <span class='ocrx_word' id='word_1_146' title='bbox 1308 1649 1580 1727; x_wconf 87' lang='lat' dir='ltr'><strong>quoniam</strong></span> <span class='ocrx_word' id='word_1_147' title='bbox 1606 1656 1665 1707; x_wconf 86' lang='lat' dir='ltr'><strong>et</strong></span> <span class='ocrx_word' id='word_1_148' title='bbox 1693 1650 1966 1727; x_wconf 84' lang='lat' dir='ltr'><strong>advespe-</strong></span> 
     </span>
     <span class='ocr_line' id='line_1_21' title="bbox 273 1729 1964 1807; baseline 0.001 -22"><span class='ocrx_word' id='word_1_149' title='bbox 273 1730 445 1787; x_wconf 90' lang='lat' dir='ltr'><strong>rascit</strong></span> <span class='ocrx_word' id='word_1_150' title='bbox 472 1738 531 1788; x_wconf 90' lang='lat' dir='ltr'><strong>et</strong></span> <span class='ocrx_word' id='word_1_151' title='bbox 560 1730 704 1787; x_wconf 84' lang='lat' dir='ltr'><strong>mihi</strong></span> <span class='ocrx_word' id='word_1_152' title='bbox 737 1730 811 1788; x_wconf 90' lang='lat' dir='ltr'><strong>ad</strong></span> <span class='ocrx_word' id='word_1_153' title='bbox 845 1731 1038 1788; x_wconf 87' lang='lat' dir='ltr'><strong>villam</strong></span> <span class='ocrx_word' id='word_1_154' title='bbox 1072 1729 1472 1788; x_wconf 86' lang='lat' dir='ltr'><strong>revertendum</strong></span> <span class='ocrx_word' id='word_1_155' title='bbox 1512 1736 1615 1801; x_wconf 93' lang='lat' dir='ltr'><strong>est,</strong></span> <span class='ocrx_word' id='word_1_156' title='bbox 1648 1749 1802 1787; x_wconf 90' lang='lat' dir='ltr'><strong>nunc</strong></span> <span class='ocrx_word' id='word_1_157' title='bbox 1839 1730 1964 1807; x_wconf 90' lang='lat' dir='ltr'><strong>qui-</strong></span> 
     </span>
     <span class='ocr_line' id='line_1_22' title="bbox 274 1809 1960 1887; baseline 0.001 -20"><span class='ocrx_word' id='word_1_158' title='bbox 274 1809 407 1867; x_wconf 92' lang='lat' dir='ltr'><strong>dem</strong></span> <span class='ocrx_word' id='word_1_159' title='bbox 456 1810 765 1880; x_wconf 84' lang='lat' dir='ltr'><strong>haetenus;</strong></span> <span class='ocrx_word' id='word_1_160' title='bbox 809 1830 1004 1868; x_wconf 81' lang='lat' dir='ltr'><strong>verum</strong></span> <span class='ocrx_word' id='word_1_161' title='bbox 1060 1810 1173 1868; x_wconf 90' lang='lat' dir='ltr'><strong>hoc</strong></span> <span class='ocrx_word' id='word_1_162' title='bbox 1228 1809 1384 1867; x_wconf 90' lang='lat' dir='ltr'><strong>idem</strong></span> <span class='ocrx_word' id='word_1_163' title='bbox 1441 1810 1723 1867; x_wconf 85' lang='lat' dir='ltr'><strong>faciamus</strong></span> <span class='ocrx_word' id='word_1_164' title='bbox 1772 1830 1960 1887; x_wconf 86' lang='lat' dir='ltr'><strong>saepe.</strong></span> 
     </span>
    </p>

    <p class='ocr_par' dir='ltr' id='par_1_3' title="bbox 272 1889 1965 2050">
     <span class='ocr_line' id='line_1_23' title="bbox 274 1889 1965 1968; baseline 0.001 -22"><span class='ocrx_word' id='word_1_165' title='bbox 274 1889 398 1947; x_wconf 88' lang='lat' dir='ltr'><strong>Nos</strong></span> <span class='ocrx_word' id='word_1_166' title='bbox 421 1911 571 1962; x_wconf 88' lang='lat' dir='ltr'><strong>vero,</strong></span> <span class='ocrx_word' id='word_1_167' title='bbox 594 1891 784 1968; x_wconf 88' lang='lat' dir='ltr'><strong>inquit</strong></span> <span class='ocrx_word' id='word_1_168' title='bbox 812 1891 939 1963; x_wconf 80' lang='lat' dir='ltr'><strong>ille3</strong></span> <span class='ocrx_word' id='word_1_169' title='bbox 974 1910 1103 1948; x_wconf 89' lang='lat' dir='ltr'><strong>nam</strong></span> <span class='ocrx_word' id='word_1_170' title='bbox 1131 1889 1272 1968; x_wconf 90' lang='lat' dir='ltr'><strong>quid</strong></span> <span class='ocrx_word' id='word_1_171' title='bbox 1300 1909 1607 1967; x_wconf 87' lang='lat' dir='ltr'><strong>possumus</strong></span> <span class='ocrx_word' id='word_1_172' title='bbox 1626 1890 1816 1948; x_wconf 85' lang='lat' dir='ltr'><strong>facere</strong></span> <span class='ocrx_word' id='word_1_173' title='bbox 1844 1910 1965 1949; x_wconf 85' lang='lat' dir='ltr'><strong>me.-</strong></span> 
     </span>
     <span class='ocr_line' id='line_1_24' title="bbox 272 1969 1959 2050; baseline 0.001 -24"><span class='ocrx_word' id='word_1_174' title='bbox 272 1969 420 2028; x_wconf 61' lang='lat' dir='ltr'><strong>lius?</strong></span> <span class='ocrx_word' id='word_1_175' title='bbox 485 1970 562 2029; x_wconf 90' lang='lat' dir='ltr'><strong>Et</strong></span> <span class='ocrx_word' id='word_1_176' title='bbox 587 1971 736 2030; x_wconf 90' lang='lat' dir='ltr'><strong>hanc</strong></span> <span class='ocrx_word' id='word_1_177' title='bbox 766 1971 997 2050; x_wconf 89' lang='lat' dir='ltr'><strong>quidem</strong></span> <span class='ocrx_word' id='word_1_178' title='bbox 1029 1971 1274 2047; x_wconf 88' lang='lat' dir='ltr'><strong>primam</strong></span> <span class='ocrx_word' id='word_1_179' title='bbox 1305 1970 1532 2046; x_wconf 84' lang='lat' dir='ltr'><strong>exigam</strong></span> <span class='ocrx_word' id='word_1_180' title='bbox 1554 1990 1590 2027; x_wconf 94' lang='lat' dir='ltr'><strong>a</strong></span> <span class='ocrx_word' id='word_1_181' title='bbox 1615 1977 1673 2027; x_wconf 91' lang='lat' dir='ltr'><strong>te</strong></span> <span class='ocrx_word' id='word_1_182' title='bbox 1704 1989 1959 2048; x_wconf 87' lang='lat' dir='ltr'><strong>operam,</strong></span> 
     </span>
    </p>

    <p class='ocr_par' dir='ltr' id='par_1_4' title="bbox 271 2049 1961 2444">
     <span class='ocr_line' id='line_1_25' title="bbox 272 2049 1960 2129; baseline 0.001 -22"><span class='ocrx_word' id='word_1_183' title='bbox 272 2057 340 2107; x_wconf 90' lang='lat' dir='ltr'><strong>ut</strong></span> <span class='ocrx_word' id='word_1_184' title='bbox 361 2050 558 2107; x_wconf 88' lang='lat' dir='ltr'><strong>audias</strong></span> <span class='ocrx_word' id='word_1_185' title='bbox 584 2071 694 2123; x_wconf 91' lang='lat' dir='ltr'><strong>me,</strong></span> <span class='ocrx_word' id='word_1_186' title='bbox 717 2071 860 2129; x_wconf 91' lang='lat' dir='ltr'><strong>quae</strong></span> <span class='ocrx_word' id='word_1_187' title='bbox 889 2071 924 2109; x_wconf 86' lang='lat' dir='ltr'><strong>a</strong></span> <span class='ocrx_word' id='word_1_188' title='bbox 950 2059 1008 2109; x_wconf 89' lang='lat' dir='ltr'><strong>te</strong></span> <span class='ocrx_word' id='word_1_189' title='bbox 1037 2051 1193 2109; x_wconf 88' lang='lat' dir='ltr'><strong>dicta</strong></span> <span class='ocrx_word' id='word_1_190' title='bbox 1221 2058 1371 2121; x_wconf 90' lang='lat' dir='ltr'><strong>sunt,</strong></span> <span class='ocrx_word' id='word_1_191' title='bbox 1395 2049 1769 2109; x_wconf 89' lang='lat' dir='ltr'><strong>refellentem.</strong></span> <span class='ocrx_word' id='word_1_192' title='bbox 1842 2050 1960 2109; x_wconf 82' lang='lat' dir='ltr'><strong>Sed</strong></span> 
     </span>
     <span class='ocr_line' id='line_1_26' title="bbox 272 2131 1961 2208; baseline 0.001 -22"><span class='ocrx_word' id='word_1_193' title='bbox 272 2138 564 2188; x_wconf 88' lang='lat' dir='ltr'><strong>memento</strong></span> <span class='ocrx_word' id='word_1_194' title='bbox 592 2138 667 2202; x_wconf 91' lang='lat' dir='ltr'><strong>te,</strong></span> <span class='ocrx_word' id='word_1_195' title='bbox 693 2151 837 2208; x_wconf 90' lang='lat' dir='ltr'><strong>quae</strong></span> <span class='ocrx_word' id='word_1_196' title='bbox 861 2151 965 2189; x_wconf 92' lang='lat' dir='ltr'><strong>nos</strong></span> <span class='ocrx_word' id='word_1_197' title='bbox 987 2132 1316 2200; x_wconf 88' lang='lat' dir='ltr'><strong>sentiamus,</strong></span> <span class='ocrx_word' id='word_1_198' title='bbox 1342 2131 1537 2188; x_wconf 87' lang='lat' dir='ltr'><strong>omnia</strong></span> <span class='ocrx_word' id='word_1_199' title='bbox 1562 2131 1821 2208; x_wconf 87' lang='lat' dir='ltr'><strong>probare,</strong></span> <span class='ocrx_word' id='word_1_200' title='bbox 1846 2132 1961 2189; x_wconf 90' lang='lat' dir='ltr'><strong>nisi</strong></span> 
     </span>
     <span class='ocr_line' id='line_1_27' title="bbox 274 2204 1959 2287; baseline 0.001 -21"><span class='ocrx_word' id='word_1_201' title='bbox 274 2209 428 2287; x_wconf 88' lang='lat' dir='ltr'><strong>quod</strong></span> <span class='ocrx_word' id='word_1_202' title='bbox 477 2210 665 2268; x_wconf 88' lang='lat' dir='ltr'><strong>verbis</strong></span> <span class='ocrx_word' id='word_1_203' title='bbox 712 2212 876 2269; x_wconf 88' lang='lat' dir='ltr'><strong>aliter</strong></span> <span class='ocrx_word' id='word_1_204' title='bbox 923 2219 1169 2283; x_wconf 90' lang='lat' dir='ltr'><strong>utamur,</strong></span> <span class='ocrx_word' id='word_1_205' title='bbox 1201 2211 1346 2267; x_wconf 83' lang='lat' dir='ltr'><strong>mihi</strong></span> <span class='ocrx_word' id='word_1_206' title='bbox 1393 2204 1584 2268; x_wconf 87' lang='lat' dir='ltr'><strong>autem</strong></span> <span class='ocrx_word' id='word_1_207' title='bbox 1634 2215 1959 2268; x_wconf 84' lang='lat' dir='ltr'><strong>vestrorum</strong></span> 
     </span>
     <span class='ocr_line' id='line_1_28' title="bbox 272 2290 1960 2368; baseline 0.001 -21"><span class='ocrx_word' id='word_1_208' title='bbox 272 2290 416 2347; x_wconf 90' lang='lat' dir='ltr'><strong>nihil</strong></span> <span class='ocrx_word' id='word_1_209' title='bbox 472 2290 715 2367; x_wconf 90' lang='lat' dir='ltr'><strong>probari.</strong></span> <span class='ocrx_word' id='word_1_210' title='bbox 818 2292 1181 2368; x_wconf 85' lang='lat' dir='ltr'><strong>Scrupulum,</strong></span> <span class='ocrx_word' id='word_1_211' title='bbox 1225 2292 1479 2367; x_wconf 85' lang='lat' dir='ltr'><strong>inquam,</strong></span> <span class='ocrx_word' id='word_1_212' title='bbox 1527 2290 1795 2363; x_wconf 78' lang='lat' dir='ltr'><strong>abeunti3</strong></span> <span class='ocrx_word' id='word_1_213' title='bbox 1856 2291 1960 2349; x_wconf 90' lang='lat' dir='ltr'><strong>sed</strong></span> 
     </span>
     <span class='ocr_line' id='line_1_29' title="bbox 271 2370 1840 2444; baseline 0.001 -15"><span class='ocrx_word' id='word_1_214' title='bbox 271 2370 609 2430; x_wconf 65' lang='lat' dir='ltr'><strong>videbimus</strong></span> <span class='ocrx_word' id='word_1_215' title='bbox 695 2370 854 2443; x_wconf 82' lang='lat' dir='ltr'><strong>Quae</strong></span> <span class='ocrx_word' id='word_1_216' title='bbox 883 2392 1011 2431; x_wconf 91' lang='lat' dir='ltr'><strong>cum</strong></span> <span class='ocrx_word' id='word_1_217' title='bbox 1044 2379 1235 2431; x_wconf 90' lang='lat' dir='ltr'><strong>essent</strong></span> <span class='ocrx_word' id='word_1_218' title='bbox 1263 2371 1434 2444; x_wconf 89' lang='lat' dir='ltr'><strong>dicta,</strong></span> <span class='ocrx_word' id='word_1_219' title='bbox 1460 2371 1840 2431; x_wconf 79' lang='lat' dir='ltr'><strong>discessimus·</strong></span> 
     </span>
    </p>
   </div>
   <div class='ocr_carea' id='block_1_3' title="bbox 2244 2771 2247 3438">
    <p class='ocr_par' dir='ltr' id='par_1_5' title="bbox 2244 2771 2247 3438">
     <span class='ocr_line' id='line_1_30' title="bbox 2244 2771 2247 3438; baseline 0 0"><span class='ocrx_word' id='word_1_220' title='bbox 2244 2771 2247 3438; x_wconf 95' lang='lat' dir='ltr'><strong> </strong></span> 
     </span>
    </p>
   </div>
  </div>
 </body>
</html>
