2259 3467
750 105 904 162 ‘LIBL
938 107 1067 173 1v.,'
1091 110 1247 161 CAP.
1282 108 1546 161 vnn-X.
1815 151 1823 155 .
1906 113 2003 161 121

311 214 738 275 misericordem
785 213 1032 271 iudicem
1077 231 1198 270 esse
1239 212 1541 289 oportere?
1622 209 1691 267 In
1734 211 2004 269 contione

303 305 509 355 -autem
543 296 591 352 si
627 295 971 372 loqueretur,
1004 293 1053 350 si
1094 292 1388 349 Hannibal
1421 291 1494 349 ad
1529 300 1725 368 portas
1758 292 2007 349 venisset

306 394 661 453 murumque
701 373 888 432 iaculo
930 373 1261 443 traiecisset,
1300 379 1535 448 negaret
1575 391 1696 429 esse
1737 372 1798 429 in
1840 371 2007 428 malis

311 458 461 535 capi,
492 455 701 524 venire,
732 452 993 524 interfici,
1024 452 1268 530 patriam
1312 452 1614 510 amittere?
1708 450 1808 508 An
1850 471 2007 509 sena-

311 546 428 608 tuS,
459 555 591 593 cum
622 532 988 609 triumphum
1019 531 1303 589 Africano
1336 531 1680 603 decerneret,
1705 532 1859 606 quod
1884 533 2007 589 eius

309 612 526 665 virtute
554 616 654 667 aut
667 610 952 684 felicitate
979 616 1176 687 posset
1202 608 1407 680 dicere,
1433 609 1481 666 si
1516 628 1700 687 neque
1729 610 1909 666 virtus
1941 610 2002 667 in

310 689 432 747 ullo
476 689 585 746 nisi
626 689 690 745 in
732 690 990 765 sapiente
1033 708 1138 747 nec
1178 689 1424 747 felicitas
1456 708 1585 746 vere
1619 689 1733 747 dici
1774 690 2004 766 potest?

310 769 474 838 Quae
504 776 591 827 est
619 769 796 845 igitur
818 770 926 826 ista
948 768 1333 846 philosophia,
1355 788 1499 845 quae
1527 769 1822 826 communi
1844 788 2003 826 more

308 851 370 906 in
423 850 556 907 foro
604 849 876 926 loquitur,
913 849 971 906 in
1022 849 1229 906 libellis
1278 850 1419 906 suo?
1467 849 1799 926 praesertim
1849 868 1999 920 cum,

310 930 473 1007 quod
503 929 588 987 illi
623 930 741 986 suis
775 928 961 986 verbis
995 929 1337 1005 significent,
1363 928 1423 985 in
1457 948 1526 986 eo
1561 927 1706 985 nihil
1739 935 1999 1000 novetur,

309 1010 544 1067 caedem
576 1029 665 1067 res
695 1016 963 1067 maneant
990 1009 1101 1066 alio
1130 1009 1325 1067 modo,
1412 1015 1505 1067 23.
1541 1008 1699 1077 Quid
1732 1008 1886 1065 enim
1919 1009 2003 1065 in·
2053 1015 2057 1019 “

307 1097 504 1160 terest‚
541 1089 786 1161 divitias,
824 1090 979 1166 opeS,
1012 1089 1398 1147 valetudinem
1449 1088 1600 1147 bona
1647 1088 1804 1147 dicas
1853 1108 2000 1147 anne

309 1170 654 1247 praeposita,
687 1189 816 1227 cum
861 1170 971 1242 ille,
1005 1169 1102 1247 qui
1137 1169 1249 1226 ista
1283 1169 1434 1227 bona
1465 1169 1623 1241 dicit,
1653 1168 1835 1227 nihilo
1870 1169 2001 1245 plus

307 1251 382 1307 iis
410 1250 628 1308 tribuat
657 1269 827 1327 quam
859 1255 941 1321 tu,
968 1250 1066 1327 qui
1101 1249 1301 1307 eadem
1335 1250 1433 1307 illa
1459 1249 1786 1327 praeposita
1818 1249 2002 1307 nomi-

306 1332 452 1388 nas?
533 1330 736 1408 Itaque
780 1329 957 1387 homo
997 1331 1057 1387 in
1102 1330 1306 1406 primis
1353 1331 1637 1406 ingenuus
1684 1337 1744 1387 et
1789 1330 1996 1407 gravis,

304 1411 523 1487 dignus
544 1410 641 1468 illa
660 1410 1052 1468 familiaritate
1071 1410 1361 1487 Scipionis
1381 1417 1440 1468 et
1458 1409 1651 1478 Laelii,
1669 1409 1995 1480 Panaetius,

306 1510 440 1548 cum
478 1491 550 1548 ad
580 1490 648 1559 Q„
673 1490 1035 1548 Tuberonem
1067 1490 1140 1547 de
1168 1489 1367 1548 dolore
1400 1489 1674 1567 patiendo
1710 1489 1994 1561 scriberet,

308 1571 468 1648 quod
498 1590 618 1627 esse
652 1578 826 1647 caput
853 1569 1116 1641 debebat,
1139 1570 1186 1627 si
1216 1569 1447 1646 probari
1480 1576 1690 1647 posset,
1714 1588 1997 1647 nusquam

304 1651 522 1729 posuit,
553 1670 671 1707 non
714 1670 835 1709 esse
875 1650 1091 1708 malum
1127 1650 1403 1721 dolorem,
1435 1649 1535 1707 sed
1569 1649 1710 1727 quid
1750 1658 1898 1707 esset
1938 1658 1999 1707 et

307 1731 492 1809 quale,
526 1738 918 1809 quantumque
963 1730 1024 1788 in
1075 1750 1145 1788 eo
1188 1736 1337 1787 esset
1377 1728 1565 1801 alieni,
1597 1729 1821 1800 deinde,
1853 1748 1997 1805 quae

301 1812 456 1869 ratio
486 1819 635 1869 essct
662 1811 1025 1889 perferendi3
1069 1811 1233 1868 cuius
1266 1810 1517 1886 quidem,
1543 1809 1816 1886 quoniam
1850 1808 2000 1867 Stoi-

305 1912 408 1950 cus
457 1892 590 1962 fuit,
632 1892 916 1949 sententia
969 1891 1354 1949 condemnata
1405 1889 1550 1947 mihi
1599 1888 1824 1948 videtur
1876 1908 1998 1947 esse

278 1972 556 2030 inanitas
583 1973 694 2030 ista
722 1971 1042 2029 verborum.

388 2052 465 2110 X.
540 2056 633 2110 24.
667 2052 782 2110 Sed
803 2060 869 2110 ut
892 2052 1130 2130 propius
1159 2051 1233 2109 ad
1255 2071 1337 2123 ea,
1358 2050 1521 2122 Cato,
1546 2052 1830 2124 accedam,
1852 2071 1996 2129 quae

300 2152 340 2189 a
372 2140 432 2190 te
465 2132 623 2190 dicta
664 2140 814 2203 sunt,
846 2135 1094 2211 pressius
1136 2151 1373 2209 agamus
1414 2151 1608 2210 eaque,
1641 2152 1786 2210 quae
1818 2133 1995 2190 modo

294 2212 523 2284 dixisti,
568 2233 699 2271 cum
755 2214 826 2270 iis
881 2213 1261 2284 conferamuS‚
1315 2232 1458 2289 quae
1514 2214 1630 2271 tuis
1684 2220 1993 2290 antepono,

304 2292 469 2362 Quae
510 2301 645 2351 sunt
678 2294 857 2371 igitur
897 2294 1231 2351 communia
1261 2293 1425 2351 vobis
1459 2312 1589 2350 cum
1625 2294 1894 2370 antiquiS‚
1925 2293 1997 2350 iis

306 2375 389 2431 sic
430 2382 663 2432 utamur
697 2374 857 2452 quasi
899 2374 1215 2445 concessis3
1261 2391 1406 2450 quae
1446 2373 1507 2429 in
1549 2373 1994 2430 controversiam

268 2491 276 2497 -
305 2454 562 2525 veniunt,
588 2455 661 2512 de
694 2455 782 2525 iis,
807 2454 855 2512 si
884 2453 1086 2530 placet,
1113 2454 1472 2511 disseramus,
1558 2452 1706 2510 Mihi
1741 2471 1889 2522 vero,
1913 2452 1999 2508 in«-

306 2535 450 2611 qnit,
487 2535 677 2612 placet
710 2534 804 2611 agi
839 2534 1115 2591 subtilius
1132 2541 1208 2605 et,
1233 2542 1299 2590 ut
1330 2532 1454 2609 ipse
1488 2532 1701 2603 dixisti,
1726 2532 1991 2609 pressius.

302 2614 468 2683 Quae
517 2615 667 2672 enim
721 2614 908 2672 adhuc
959 2614 1269 2691 protulisti,
1304 2611 1605 2690 popularia
1658 2619 1825 2683 sunt3
1884 2631 1995 2687 ego

304 2703 496 2753 autem
542 2715 576 2752 a
616 2702 674 2752 te
717 2695 1066 2771 elegantiora
1107 2694 1387 2751 desidero,
1470 2693 1530 2749 A
1562 2711 1729 2750 mene
1769 2691 1872 2749 tu?
1912 2691 1997 2748 in·

301 2788 514 2852 ·quam3
558 2776 658 2832 sed
701 2781 895 2832 tamen
937 2776 1137 2846 enitar,
1174 2781 1248 2846 et,
1285 2774 1332 2831 si
1384 2773 1574 2830 minus
1619 2771 1804 2829 multa
1829 2770 1996 2838 ‘mihi

306 2864 622 2926 occurrent,
647 2875 764 2912 non
787 2854 1007 2931 fugiam
1040 2854 1151 2912 ista
1179 2852 1493 2932 popularia.
1579 2858 1673 2911 25.
1709 2851 1824 2910 Sed
1846 2852 1997 2929 posi·

300 2943 431 2992 tum
482 2935 557 2992 sit
606 2935 874 3012 primum,
915 2941 1142 2992 nosmet
1188 2935 1347 3011 ipsos
1393 2931 1825 2990 commendatos
1872 2951 1993 2990 esse

299 3015 475 3072 nobis
518 3017 878 3091 primamque
920 3034 990 3071 ex
1032 3021 1236 3072 natura
1267 3013 1415 3070 hanc
1448 3012 1656 3069 habere
1690 3011 1994 3089 appetitio-

299 3114 456 3164 nem,
488 3103 555 3152 ut
584 3113 984 3152 conservemus
1011 3100 1239 3150 nosmet
1266 3093 1439 3169 ipsos.
1521 3091 1657 3148 Hoc
1690 3091 1988 3161 convenit3

302 3175 566 3253 sequitur
592 3173 752 3246 illud,
778 3180 845 3231 ut
871 3173 1408 3244 animadvertamuS,
1433 3171 1534 3249 qui
1568 3170 1752 3229 simus
1773 3170 1902 3248 ipsi,
1927 3176 1993 3228 ut
