2259 3467
255 102 322 160 ts
427 110 528 160 m:
559 109 865 160 mmssusa
882 92 1245 160 senonum·
1269 109 1364 159 ET
1395 103 1775 159 MALoRUM.

258 211 373 269 risu
423 217 525 269 aut
566 209 713 281 iocO,
749 211 962 275 comite
1012 209 1279 281 levitatis,
1315 229 1484 287 saepe
1533 209 1707 267 etiam
1752 208 1949 268 tristes

257 290 529 349 firmitate
556 297 615 349 et
642 291 966 349 constantia
992 297 1127 348 sunt
1158 289 1325 349 beati.
1404 295 1497 348 66.
1542 288 1815 366 Stuprata
1843 309 1950 366 per

257 372 374 429 vim
415 370 680 429 Lucretia
717 390 753 427 a
793 371 943 447 regis
981 369 1119 440 filio,
1150 377 1361 428 testata
1400 370 1554 428 cives
1594 389 1655 427 se
1695 370 1822 448 ipsa
1861 371 1949 426 in-

257 451 502 510 teremit.
587 450 703 508 Hic
731 450 898 508 dolor
924 449 1125 528 populi
1155 450 1421 522 Romani,
1445 449 1591 507 duce
1624 456 1684 507 et
1711 457 1947 507 auctore

258 530 462 603 Bruto,
493 550 662 589 causa
702 530 923 588 civitati
955 530 1235 588 libertatis
1270 530 1405 601 fuit,
1436 529 1512 587 ob
1546 529 1784 607 eiusque
1822 548 1947 587 mu-

257 611 410 669 lieris
458 610 794 668 memoriam
836 610 1026 689 primo
1074 629 1227 668 anno
1275 617 1335 668 et
1376 610 1463 667 vir
1509 617 1569 667 et
1610 618 1776 687 pater
1821 610 1947 667 eius

257 690 455 749 consul
490 698 576 749 est
607 691 814 749 factus.
897 689 1112 748 Tenuis
1146 690 1208 748 L.
1229 689 1543 767 Verginius
1577 708 1837 767 unusque
1872 689 1950 747 de

258 771 456 829 multis
503 771 857 846 sexagesimo
906 789 1057 828 anno
1107 777 1242 846 post
1288 770 1612 827 libertatem
1653 777 1946 847 receptam

256 851 536 928 virginem
580 849 757 908 filiam
800 870 902 908 sua
945 869 1119 908 manu
1163 850 1377 909 occidit
1417 850 1630 928 potiuS,
1662 868 1834 927 quam
1877 868 1948 907 ea

257 932 370 1008 Ap.
396 931 623 990 Claudii
664 930 911 1003 libidini,
937 931 1037 1009 qui
1077 938 1205 989 tum
1248 938 1369 989 erat
1410 949 1638 988 summo
1679 929 1943 1007 imperio,

257 1011 573 1070 dederetur.

337 1091 505 1150 XXI.
591 1090 686 1149 67.
729 1090 854 1149 Aut
906 1090 1046 1148 haec
1099 1089 1227 1161 tibi,
1261 1089 1570 1167 Torquate,
1611 1097 1754 1147 sunt⁴
1799 1090 1947 1148 vitu-

258 1171 509 1248 peranda
556 1179 657 1229 aut
705 1172 1092 1248 patrocinium
1140 1170 1452 1248 voluptatis
1500 1169 1942 1248 repudiandum.

256 1250 428 1320 Quod
458 1259 648 1309 autem
682 1251 1063 1328 patrocinium
1092 1259 1193 1309 aut
1223 1270 1367 1329 quae
1394 1251 1505 1308 ista
1537 1270 1707 1307 causa
1734 1258 1821 1308 est
1850 1270 1947 1308 vo-

256 1330 512 1408 luptatis,
544 1350 688 1408 quae
726 1350 831 1389 nec
863 1338 1039 1389 testes
1072 1330 1220 1388 ullos
1252 1350 1285 1389 e
1317 1330 1482 1389 claris
1518 1331 1656 1388 viris
1687 1349 1792 1388 nec
1829 1330 1946 1387 lau-

257 1411 486 1469 datores
513 1412 727 1488 poterit
755 1411 1061 1469 adhibere?
1121 1410 1211 1470 Ut
1238 1411 1389 1469 enim
1420 1430 1527 1469 nos
1555 1430 1623 1468 cx
1651 1409 1945 1468 annalium

256 1491 649 1550 monumentis
702 1498 877 1549 testes
930 1490 1246 1549 excitamus
1294 1510 1410 1563 eos,
1456 1509 1699 1570 quorum
1754 1491 1947 1547 omnis

259 1572 377 1630 vita
408 1578 751 1649 consumpta
783 1579 872 1630 est
897 1572 958 1629 in
987 1571 1280 1629 laboribus
1311 1570 1593 1646 gloriosis,
1619 1571 1717 1647 qui
1747 1570 1948 1647 volup-

257 1653 393 1710 tatis
425 1670 637 1716 nomen
667 1652 863 1710 audire
898 1671 1014 1709 non
1042 1659 1294 1730 possent,
1320 1651 1401 1709 sic
1433 1651 1493 1709 in
1523 1651 1725 1709 vestris
1751 1650 1946 1727 dispu-

255 1732 573 1791 tationibus
613 1732 854 1790 historia
890 1741 1053 1790 muta
1090 1738 1193 1790 est.
1278 1730 1612 1810 Numquam
1650 1730 1843 1788 audivi
1880 1731 1943 1788 in

256 1813 491 1890 Epicuri
526 1813 722 1871 schola
754 1811 1100 1889 Lycurgum,
1126 1811 1417 1882 Solonem,
1443 1809 1948 1882 Miltiadem,The-

258 1892 595 1964 mistoclem,
620 1892 1083 1969 Epaminondam
1117 1892 1420 1963 nominari,
1446 1891 1545 1968 qui
1578 1891 1638 1948 in
1674 1910 1771 1949 ore
1809 1897 1946 1948 sunt

256 1980 573 2030 ceterorum
603 1971 1079 2049 philosophorum
1105 1972 1382 2030 omnium.
1446 1970 1504 2029 N
1509 1990 1617 2029 unc
1637 1989 1789 2040 vere,
1808 1989 1948 2048 quo-

256 2053 411 2109 niam
441 2051 580 2109 haec
608 2071 715 2108 nos
743 2052 916 2109 etiam
943 2060 1186 2110 tractare
1213 2051 1527 2129 coepimus,
1551 2015 1946 2128 suppeditabit

256 2132 423 2189 nobis
450 2131 684 2188 Atticus
711 2140 905 2189 noster
932 2151 964 2190 e
991 2132 1271 2190 thesauris
1299 2132 1417 2189 suis
1445 2150 1591 2208 quos
1618 2140 1677 2189 et
1699 2138 1947 2209 quantos

257 2212 445 2270 viros!
530 2216 622 2269 68.
668 2210 878 2270 Nonne
916 2212 1121 2270 melius
1162 2221 1250 2270 est
1282 2204 1354 2269 de
1389 2211 1478 2269 hi's
1518 2211 1733 2289 aliquid
1770 2223 1958 2303 quam

256 2293 433 2349 tantis
481 2290 871 2348 voluminibus
918 2293 989 2350 de
1030 2292 1329 2350 Themista
1372 2291 1574 2370 loqui?
1655 2290 1787 2349 Sint
1832 2291 1948 2348 ista

254 2372 636 2429 Graecorum·
622 2414 637 2442 ,
682 2391 1028 2450 quamquam
1063 2372 1187 2429 ab
1173 2373 1243 2429 1is
1276 2371 1702 2449 philosophiam
1737 2378 1795 2428 et
1824 2390 1963 2427 om··.

255 2471 357 2509 nes
403 2452 681 2529 ingenuas
731 2452 1061 2530 disciplinas
1107 2452 1422 2523 habemus;
1479 2451 1581 2509 scd
1620 2459 1812 2509 tamen
1856 2459 1946 2508 est

255 2532 490 2609 aliquid,
518 2531 675 2609 quod
703 2531 871 2589 nobis
905 2552 1018 2590 non
1050 2532 1235 2603 liceat,
1259 2532 1429 2589 liceat
1456 2530 1585 2590 illis.
1668 2531 1946 2606 Pugnant

255 2611 439 2669 Stoici
477 2631 606 2687 cum
642 2612 1058 2689 Peripateticis
1144 2612 1332 2671 Alteri
1373 2619 1587 2688 negant
1625 2611 1946 2690 quidquam

254 2711 375 2750 esse
396 2691 632 2763 bonum,
653 2691 765 2749 nisi
794 2693 951 2770 quod
981 2692 1285 2750 honestum
1318 2692 1407 2763 sit,
1427 2692 1610 2764 alteri,
1629 2691 1947 2768 plurimum

255 2791 315 2829 se
356 2779 416 2829 et
457 2771 628 2849 longe
664 2771 949 2850 longeque
991 2772 1302 2849 plurimum
1342 2772 1592 2830 tribuere
1632 2770 1944 2842 honestati,

255 2851 355 2908 sed
382 2859 574 2908 tamen
606 2858 663 2908 et
692 2852 749 2908 in
781 2871 1019 2929 conpore
1047 2860 1106 2909 et
1135 2860 1293 2910 extra
1321 2871 1440 2909 esse
1470 2852 1749 2929 quaedam
1774 2850 1943 2909 bona.

256 2930 333 2987 Et
354 2939 637 2987 certamen
664 2931 967 2988 honestum
994 2938 1052 2988 et
1074 2932 1390 3008 disputatio
1413 2931 1745 3008 splendida!
1806 2930 1950 2989 Om-

260 3009 346 3065 nis
394 3018 482 3066 est
528 3011 682 3067 enim
725 3010 799 3067 de
841 3011 1070 3067 virtutis
1109 3011 1396 3087 dignitate
1443 3012 1756 3070 contentio.
1856 3011 1947 3069 At

256 3107 388 3145 cum
426 3089 542 3146 tuis
583 3108 713 3146 cum
756 3089 1014 3161 disseraS,
1047 3090 1228 3147 multa
1269 3097 1404 3148 sunt
1440 3091 1726 3148 audienda
1765 3090 1946 3148 etiam

257 3166 330 3225 de
363 3166 624 3225 obscenis
656 3168 1065 3245 voluptatibus,
1090 3169 1163 3227 de
1193 3170 1401 3247 quibus
1436 3170 1509 3229 ab
1542 3171 1794 3249 Epicuro
1826 3190 1958 3230 sae«
