2259 3467
750 110 889 159 LIB.
919 109 1040 171 IV.‚
1068 109 1224 160 CAI'.
1255 109 1593 161 XV.—XVII.
1927 116 2022 163 129

329 215 535 285 batur,
577 212 640 270 hi
674 219 867 270 autem
900 219 1129 289 ponunt
1164 211 1247 268 illi
1283 211 1514 289 quidem
1550 213 1736 290 prima
1768 221 2019 287 naturae,

330 295 434 353 sed
463 313 530 351 ca
557 293 865 370 seiungunt
893 312 927 349 a
947 290 1158 349 finibus
1180 299 1240 349 et
1262 311 1487 350 summa
1515 292 1832 367 bonorum3
1878 314 2023 372 quae

330 395 465 433 cum
501 379 880 452 praeponunt,
914 379 978 429 ut
1011 372 1086 429 sit
1119 372 1310 449 aliqua
1350 392 1541 430 rerum
1583 373 1831 446 selectio,
1864 383 2023 433 natu-

328 475 466 513 ram.
503 454 772 512 videntur
819 453 1014 530 sequi3
1075 471 1206 510 cum
1254 460 1445 510 autem
1496 460 1710 529 negant
1749 474 1816 512 ca
1862 456 2023 531 quid-

332 554 506 613 quam
536 534 610 591 ad
639 533 864 591 beatam
895 533 1074 590 vitam
1102 532 1403 609 pertinere,
1428 551 1621 590 rursus
1649 541 1909 592 naturam
1943 556 2023 593 re·

331 616 619 692 linquunt.
722 618 815 671 44.
861 613 1057 691 Atque
1105 611 1294 670 adhuc
1342 632 1410 669 ea
1462 612 1583 670 dixi
1629 614 1657 690 †
1702 634 1872 672 causa
1924 637 2024 674 cur

331 695 551 753 Zenoni
592 714 711 751 nou
752 694 975 765 fuisset,
1008 692 1380 770 quamobrem
1423 712 1457 750 a
1498 695 1850 771 superiorum
1897 716 2021 753 auc·

331 775 568 833 toritate
601 773 952 842 discederet;
995 791 1149 831 nunc
1184 773 1403 850 reliqua
1434 774 1746 846 videamus,
1777 777 1889 832 nisi
1923 784 2025 834 aut

332 855 408 912 ad
437 854 594 925 haec,
619 854 785 923 Cato,
810 853 999 911 dicere
1032 852 1251 929 aliquid
1280 854 1366 910 vis
1398 861 1499 911 aut
1527 873 1632 910 nos
1659 855 1774 911 iam
1804 855 2025 932 longio-

332 954 424 993 res
451 954 664 991 sumus.
751 932 1035 990 Neutrum
1059 952 1211 1004 ver0,
1235 933 1427 1010 inquit
1454 933 1563 991 ille.
1650 934 1797 991 Nam
1824 943 1882 991 et
1903 955 1937 992 a
1965 943 2023 993 te

333 1014 532 1091 perfici
561 1014 727 1071 istam
758 1012 1214 1089 disputationem
1242 1014 1374 1070 volo
1402 1032 1507 1071 nec
1537 1021 1637 1070 tua
1664 1014 1808 1071 mihi
1839 1016 2023 1072 oratio

332 1095 508 1171 longa
541 1094 719 1151 videri
755 1100 965 1170 potest.
1050 1092 1308 1169 Optime,
1333 1094 1585 1171 inquam.
1671 1092 1828 1163 Quid
1869 1095 2020 1153 enim

335 1175 479 1232 mihi
528 1181 723 1251 potest
767 1193 889 1231 esse
933 1174 1191 1250 optatius
1244 1193 1417 1251 quam
1462 1193 1593 1232 cum
1644 1173 1882 1245 Catone,
1907 1195 2027 1232 om-

333 1255 495 1312 nium
528 1255 803 1312 virtutum
834 1261 1085 1324 auctore,
1105 1253 1178 1311 de
1201 1254 1509 1312 virtutibus
1537 1254 1866 1331 disputare?
1926 1261 2021 1313 45.

333 1334 451 1393 Sed
493 1335 744 1412 primum
790 1333 934 1391 illud
976 1333 1124 1404 vide,
1149 1334 1544 1410 gravissimam
1585 1335 1745 1392 illam
1778 1343 2024 1392 vestram

333 1414 697 1485 sententiam,
723 1433 869 1491 quae
897 1413 1181 1471 familiam
1210 1414 1387 1486 ducit,
1408 1414 1715 1472 honestum
1746 1416 1903 1492 quod
1932 1416 2023 1487 sit,

332 1495 397 1552 id
442 1514 564 1552 esse
612 1494 799 1552 solum
849 1493 1064 1551 bonum
1114 1494 1466 1572 honesteque
1509 1494 1695 1551 vivere
1741 1494 2026 1552 bonorum

333 1574 528 1645 finem,
556 1593 921 1633 communem
965 1575 1091 1631 fore
1136 1572 1299 1630 vobis
1339 1593 1471 1632 cum
1513 1573 1797 1645 omnibuS,
1824 1575 1921 1652 qui
1963 1575 2025 1631 in

333 1675 451 1713 una
500 1655 711 1713 virtute
757 1655 1118 1713 constituunt
1166 1652 1339 1710 finem
1391 1653 1707 1725 bonorum3
1758 1653 2027 1731 quodque

334 1735 547 1807 dicitis,
571 1735 873 1793 informari
914 1753 1030 1792 non
1076 1753 1245 1811 posse
1287 1733 1576 1804 virtutem,
1602 1734 1650 1790 si
1693 1734 2026 1811 quidquam,

335 1816 444 1873 nisi
483 1814 640 1893 quod
673 1814 980 1873 honestum
1019 1814 1110 1885 sit,
1135 1821 1482 1884 numeretur,
1507 1813 1662 1871 idem
1698 1814 1923 1871 dicetur
1956 1814 2027 1871 ab

333 1896 467 1967 illis,
489 1915 635 1973 quos
657 1895 833 1952 modo
857 1894 1168 1952 nominavi.
1237 1894 1384 1950 Mihi
1405 1901 1597 1951 autem
1619 1894 1856 1970 aequius
1880 1894 2031 1951 vidc-

333 1976 520 2048 batur,
546 1976 832 2033 Zenonem
865 1994 994 2033 cum
1027 1974 1344 2032 Polemone
1372 1973 1807 2051 disceptantem,
1832 1993 1865 2031 a
1893 1993 2026 2052 quc,

335 2075 483 2134 quae
512 2063 702 2113 essent
730 2055 1017 2132 principia
1044 2062 1298 2124 naturae,
1322 2062 1632 2131 acceperat,
1657 2073 1692 2111 a
1712 2055 2031 2112 communi·

334 2136 444 2194 bus
487 2136 668 2193 initiis
710 2135 1173 2212 progredientem
1219 2134 1428 2205 videre,
1461 2134 1561 2192 ubi
1603 2135 1855 2213 primum
1898 2135 2031 2192 insi-

335 2224 512 2275 steret
553 2223 613 2273 et
654 2215 807 2273 unde
850 2234 1020 2272 causa
1059 2215 1478 2272 controversiae
1521 2222 1859 2286 nasceretur,
1891 2234 2026 2285 non,

335 2304 588 2354 stantem
617 2315 748 2353 cum
779 2295 866 2366 iis,
892 2295 992 2371 qui
1021 2313 1093 2351 ne
1127 2295 1383 2352 dicerent
1412 2295 1644 2372 quidem
1676 2315 1778 2352 sua
1806 2314 2031 2352 summa

334 2376 492 2435 bona
523 2394 645 2434 esse
679 2394 714 2432 a
746 2382 953 2432 natura
991 2374 1270 2452 profecta,
1290 2376 1377 2431 uti
1411 2374 1615 2432 iisdem
1657 2375 2028 2451 argumentiS,

335 2456 549 2535 quibus
576 2455 659 2513 illi
691 2461 1004 2522 uterentur,
1029 2454 1348 2531 iisdemque
1377 2454 1691 2512 sententiis

416 2536 616 2594 XVII.
703 2540 797 2593 46.
843 2535 1085 2592 Minime
1114 2553 1248 2591 vero
1291 2533 1433 2590 illud
1471 2532 1673 2609 prob0,
1700 2532 1873 2610 quod,
1899 2552 2030 2590 cum

336 2616 633 2687 docuistiS,
655 2623 720 2673 ut
746 2614 908 2673 vobis
931 2613 1226 2685 videmini,
1252 2613 1436 2671 solum
1465 2613 1684 2670 bonum
1714 2632 1852 2683 esse,
1875 2612 2031 2689 quod

336 2695 646 2753 honestum
683 2696 775 2765 sit,
799 2702 923 2753 tum
960 2713 1190 2752 rursum
1225 2694 1434 2765 dicitis,
1458 2693 1624 2750 initia
1657 2692 1905 2769 proponi
1938 2711 2034 2749 ne-

336 2795 495 2833 cesse
523 2795 644 2833 esse
679 2782 816 2853 apta
848 2782 907 2833 et
940 2774 1377 2832 accommodata
1403 2782 1655 2844 naturae,
1682 2791 1926 2850 quorum
1962 2792 2031 2829 ex

337 2855 648 2913 selectione
676 2856 857 2913 virtus
878 2854 1063 2932 possit
1092 2854 1350 2911 existere.
1438 2854 1494 2910 N
1497 2873 1572 2910 on
1594 2853 1747 2910 enim
1777 2852 1834 2909 in
1868 2852 2034 2910 selec·

337 2936 500 2993 tione
544 2936 725 2993 virtus
773 2935 1042 3013 ponenda
1085 2940 1224 3004 erat,
1256 2942 1330 2991 ut-
1369 2933 1431 2990 id
1472 2935 1682 3010 ipsum,
1713 2932 1870 3010 quod
1913 2939 2033 2988 orat

338 3015 622 3074 bonorum
678 3014 963 3084 ultimum,
995 3014 1150 3071 aliud
1204 3012 1423 3089 aliquid
1464 3012 1794 3089 acquireret.
1881 3011 2033 3068 Nam

339 3096 555 3165 omnia,
577 3114 722 3172 quae
756 3093 1034 3152 sumenda
1076 3111 1337 3170 quaeque
1371 3092 1616 3169 legenda
1647 3100 1748 3149 aut
1782 3090 2036 3168 optanda

339 3182 492 3254 sunt,
524 3174 717 3234 inesse.
752 3173 968 3232 debent
1013 3174 1073 3230 in
1121 3191 1348 3246 summa
1384 3172 1700 3246 honorum,
1728 3178 1793 3229 ut
1836 3172 1901 3242 is,
1935 3170 2035 3246 qui

2101 3351 2257 3439 A
