2259 3467
699 115 835 167 LIB.
864 115 960 179 11.,
989 114 1148 167 CAP.
1177 115 1373 179 XXX„
1400 115 1605 166 XXXI.
1938 118 1999 166 71

315 218 654 277 morientis?
736 224 869 276 100.
914 216 1030 277 Sed
1069 224 1139 276 ut
1185 218 1491 298 epistulam
1532 217 1875 277 laudandam
1918 237 2002 275 ar-

314 299 497 357 bitror
537 317 681 369 cam,
713 318 882 376 quam
930 298 1107 356 modo
1149 299 1395 357 totidem
1439 299 1560 357 fere
1601 296 1789 366 verbis
1829 298 2002 356 inter-

314 385 570 456 pretatus
602 397 746 451 sum,
773 397 1119 456 quamquam
1149 398 1216 436 ea
1243 397 1373 436 cum
1410 397 1634 437 summa
1667 379 1789 436 eius
1815 377 2001 456 philo-

313 456 520 536 sophia
566 457 725 516 nullo
774 458 951 516 modo
998 458 1367 535 congruebat,
1403 459 1484 516 sic
1531 458 1789 517 eiusdem
1830 465 2002 517 testa-

313 544 575 596 mentum
601 557 718 596 non
743 538 929 596 solum
957 558 995 595 a
1022 537 1358 617 philosophi
1383 538 1680 614 gravitate,
1700 537 1801 596 sed
1824 538 1997 596 etiam

312 618 385 676 ab
413 617 595 696 ipsius
622 618 908 676 sententia
933 618 1127 676 iudico
1155 618 1491 695 discrepare.
1573 617 1816 696 Scripsit
1843 619 1995 676 enim

311 706 373 757 et
405 698 602 756 multis
635 718 802 776 saepe
833 698 1018 756 verbis
1047 705 1107 756 et
1132 697 1382 757 breviter
1414 704 1722 776 aperteque
1749 698 1810 755 in
1840 717 1908 756 eo
1937 698 2000 754 li-

312 777 434 850 br0,
459 797 632 856 quem
658 778 837 837 modo
866 777 1177 848 nominavi,
1201 786 1436 835 mortem
1464 778 1618 835 nihil
1643 778 1723 835 ad
1747 796 1850 835 nos
1874 796 2000 851 per-

314 858 487 916 tinere
499 877 526 930 ;
568 859 722 932 quod
747 859 897 916 enim
924 859 1272 915 dissolutum
1301 859 1394 929 sit,
1417 858 1484 915 id
1509 877 1619 916 esse
1647 858 1764 914 sine
1791 876 1953 914 sensu
1970 876 1996 928 ;

312 939 467 1012 quod
497 946 689 996 autem
722 938 841 996 sine
877 956 1041 996 sensu
1075 938 1169 1009 sit,
1199 938 1264 995 id
1294 938 1451 995 nihil
1479 938 1561 995 ad
1592 955 1693 994 nos
1715 937 2000 1011 pertinere

310 1018 556 1075 omnino.
605 1051 610 1058 ·
643 1017 775 1077 Hoc
807 1019 999 1095 ipsum
1028 1017 1521 1097 elegantiusponi
1550 1017 1866 1095 meliusque
1900 1037 2002 1095 po-

311 1097 442 1156 tuit.
529 1097 675 1155 Nam
712 1099 869 1175 quod
910 1098 995 1156 ita
1035 1099 1290 1175 positum
1333 1105 1437 1167 est,
1469 1099 1623 1172 quod
1652 1098 1998 1155 dissolutum

310 1177 405 1248 sit,
435 1177 501 1234 id
530 1196 641 1236 esse
678 1180 798 1236 sine
837 1197 1018 1250 sensu,
1048 1177 1111 1235 id
1145 1177 1429 1236 eiusmodi
1468 1185 1571 1248 est,
1601 1184 1669 1235 ut
1706 1197 1822 1235 non
1861 1177 2000 1235 satis

310 1257 480 1336 plane
521 1258 693 1329 dicat,
724 1258 865 1335 quid
906 1258 983 1316 sit
1022 1257 1386 1316 dissolutum.
1474 1262 1606 1315 101.
1652 1256 1766 1316 Sed
1803 1265 1994 1315 tamen

310 1336 601 1413 intellege,
627 1338 769 1416 quid
795 1338 949 1397 velit.
1034 1337 1260 1407 Quaero
1293 1345 1506 1410 autem,
1531 1337 1670 1415 quid
1705 1338 1796 1408 sit,
1822 1336 1996 1415 quod,

311 1436 442 1476 cum
492 1418 886 1490 dissolutione,
927 1418 988 1476 id
1036 1425 1140 1489 est,
1180 1425 1367 1476 morte
1421 1436 1620 1475 sensus
1667 1418 1856 1475 omnis
1908 1436 2000 1474 ex—

309 1497 622 1574 tingvatur,
647 1505 706 1556 ct
733 1518 863 1556 cum
893 1497 1098 1574 reliqui
1127 1497 1272 1555 nihil
1308 1497 1385 1555 sit
1412 1498 1668 1567 omninO,
1694 1497 1849 1574 quod
1878 1515 2001 1573 per·

309 1577 495 1636 tineat
521 1578 594 1634 ad
624 1596 747 1648 noe,
769 1585 892 1634 tam
920 1583 1181 1634 accurate
1208 1584 1443 1654 tamque
1471 1575 1779 1653 diligenter
1803 1583 2001 1634 caveat

200 1660 205 1664 ’
312 1665 372 1714 et
413 1657 647 1725 sanciat,
676 1664 746 1712 ut
782 1656 1253 1728 Amynomachus
1293 1663 1345 1713 et
1385 1655 1747 1724 Timocrates,
1780 1656 2001 1713 heredes

313 1735 425 1807 sui,
455 1735 523 1792 de
556 1735 904 1795 Hermarchi
945 1736 1218 1792 sententia
1258 1735 1407 1803 dent,
1439 1735 1593 1808 quod
1624 1735 1768 1791 satis
1807 1735 1885 1791 sit
1921 1736 2001 1791 ad

312 1815 463 1872 diem
483 1815 767 1888 ayendum
794 1815 1044 1871 natalem
1066 1833 1238 1871 suum
1262 1815 1569 1887 quotannis
1596 1832 1779 1871 mense
1803 1813 2003 1871 Game-

313 1895 477 1965 lione,
508 1896 753 1969 itemque
792 1895 1054 1952 omnibus
1090 1894 1373 1951 mensibus
1410 1893 1669 1949 vicesimo
1705 1893 1798 1951 die
1831 1894 2014 1956 lunae,

310 1974 445 2031 dent
484 1975 564 2031 ad
601 1992 795 2031 eorum
832 1975 1046 2048 epulas,
1079 1975 1183 2047 qui
1223 1992 1344 2030 una
1384 1991 1570 2031 secum
1601 1973 2001 2048 philosophati

310 2056 444 2126 sint,
474 2061 544 2110 ut
575 2062 628 2111 et
659 2054 755 2111 sui
786 2061 840 2112 et
870 2054 1193 2112 Metrodori
1223 2053 1497 2111 memoria
1534 2054 1774 2112 colatur.
1865 2060 1995 2112 102.

266 2133 473 2192 ,Haec
528 2153 638 2211 ego
694 2152 810 2192 non
867 2153 1103 2211 possum
1156 2134 1345 2192 dicere
1399 2153 1515 2191 non
1573 2154 1693 2191 esse
1746 2133 2001 2192 hominis

312 2214 573 2292 quamvis
627 2221 685 2272 et
735 2213 868 2271 belli
922 2220 982 2271 et
1033 2213 1290 2285 humani,
1331 2214 1606 2290 sapientis
1652 2233 1787 2272 vero
1840 2214 2000 2272 nullo

311 2293 506 2365 mod0‚
542 2292 768 2371 physici
821 2295 1173 2371 praesertim,
1205 2313 1375 2371 quem
1425 2314 1485 2351 se
1533 2293 1629 2352 ille
1682 2313 1803 2352 esse
1858 2294 1997 2365 vult,

312 2381 513 2450 putare
543 2373 721 2432 ullum
752 2392 872 2432 esse
906 2374 1245 2450 cuiusquam
1273 2373 1427 2432 diem
1461 2373 1726 2432 natalem.
1804 2372 2003 2443 Quid?

312 2453 543 2511 idemne
596 2460 790 2530 potest
843 2473 963 2512 esse
1010 2454 1136 2511 dies
1189 2454 1431 2531 saepius,
1468 2453 1568 2530 qui
1623 2452 1796 2511 semel
1845 2454 2003 2511 fuit?

311 2532 483 2591 Certe
524 2552 642 2590 non
683 2540 892 2611 potest.
976 2533 1072 2590 An
1115 2532 1577 2591 eiusdemmodi?
1657 2532 1747 2590 Ne
1784 2532 1848 2590 id
1882 2533 2003 2610 qui-

312 2612 464 2684 dem,
508 2613 620 2670 nisi
674 2613 858 2670 multa
909 2631 1191 2670 annorum
1245 2611 1669 2672 intercesserint
1715 2612 1892 2682 milia,
1936 2618 2003 2669 ut

313 2693 575 2751 omnium
611 2692 861 2751 siderum
896 2692 1117 2764 eodem,
1150 2692 1302 2750 unde
1337 2693 1597 2769 profecta
1632 2690 1762 2762 sint,
1793 2691 1895 2748 fiat
1928 2691 2003 2749 ad

312 2791 494 2830 unum
523 2780 754 2849 tempus
779 2773 1042 2830 reversiO.
1111 2772 1318 2830 Nullus
1345 2779 1433 2830 est
1460 2772 1639 2849 igitur
1667 2771 2000 2847 cuiusquam

313 2852 439 2910 dies
491 2852 713 2910 natalis,
798 2852 935 2910 “At
993 2851 1250 2909 habetur
1256 2850 1291 2878 '’
1375 2850 1452 2909 Et
1506 2869 1614 2926 ego
1669 2850 1731 2906 id
1787 2849 2004 2908 scilicet

312 2931 675 2990 nesciebam!
759 2929 872 2989 Sed
908 2939 973 2988 ut
1007 2932 1098 3001 sit,
1130 2932 1379 2989 etiamne
1411 2937 1546 3007 post
1578 2935 1825 2986 mortem
1859 2930 2005 2987 cole-

314 3011 451 3069 tur?
505 3012 679 3089 idque
721 3018 1068 3068 testamento
1118 3010 1342 3068 cavebit
1384 3010 1450 3079 ie,
1484 3008 1582 3085 qui
1631 3007 1800 3065 nobis
1841 3009 2003 3086 quasi

314 3090 608 3150 oraculum
653 3090 914 3161 ediderit,
946 3088 1087 3146 nihil
1123 3096 1258 3165 post
1297 3096 1546 3145 mortem
1581 3087 1653 3145 ad
1687 3106 1794 3144 nos
1834 3088 2005 3165 perti-

314 3171 493 3229 nere?
558 3169 719 3228 Haec
747 3189 866 3230 non
894 3176 1058 3227 erant
1084 3169 1226 3241 eius,
1246 3167 1347 3245 qui
1372 3166 1817 3225 innumerabiles
1845 3185 2006 3224 mun-
