2259 3467
243 106 339 154 106
421 100 520 153 DE
553 102 845 153 FINIBUS
876 101 1234 154 BONORUM
1267 104 1361 153 ET
1393 103 1773 155 MALORUM.

241 213 425 265 natos,
513 205 876 283 Impellimur
914 211 1106 263 autem
1150 212 1372 277 natura,
1397 212 1463 263 ut
1504 201 1947 281 prodesse'veli-

242 307 372 345 mus
394 305 565 364 quam
589 285 895 362 plurimis
880 304 938 342 ιη
970 285 1286 362 primisque
1310 285 1571 346 docendo
1600 286 1947 344 rationibus·

245 387 355 446 que
384 366 722 459 prudentiae
752 365 1062 423 tradendis,
1151 371 1244 423 66.
1283 365 1486 442 Itaque
1517 385 1633 422 non
1655 365 1824 423 facile
1853 374 1944 425 est

243 447 514 516 invenire,
542 446 657 523 qui,
683 445 840 522 quod
874 446 1016 502 sciat
1058 445 1198 521 ipse,
1225 465 1342 502 non
1386 444 1591 503 tradat
1618 445 1815 519 alteri;
1858 447 1943 505 ita
2000 512 2018 531 .

242 547 361 586 non
413 526 598 583 solum
649 526 725 583 ad
779 525 1117 583 discendum
1175 526 1448 603 propensi
1506 545 1719 599 sumuS,
1740 546 1939 585 verum

244 607 417 666 etiam
449 606 524 663 ad
547 605 889 664 docendum.
977 605 1176 683 Atque
1204 613 1273 663 ut
1300 606 1480 663 tauris
1510 614 1711 664 natura
1738 607 1939 666 datum

244 695 348 758 cst,
373 693 439 744 ut
465 705 571 764 pro
594 685 789 743 vitulis
818 692 1019 743 contra
1045 685 1241 743 leones
1271 704 1497 743 summa
1518 687 1575 744 vi
1604 687 1941 765 impetuque

245 766 614 837 contendant,
639 766 721 824 sic
754 766 814 834 ii,
841 766 939 843 qui
976 764 1167 823 valent
1202 764 1411 842 opibus
1451 774 1625 845 atque
1658 767 1720 823 id
1751 767 1941 826 facere

245 853 504 926 possunt,
530 854 597 904 ut
637 846 709 904 de
751 845 1002 903 Hercule
1045 852 1105 903 et
1139 845 1211 904 de
1253 845 1462 905 Libero
1500 848 1839 925 accepimuS,
1865 848 1943 905 ad

247 927 587 985 servandum
621 946 803 1003 genus
845 925 1149 983 hominum
1185 933 1389 985 natura
1421 927 1756 1004 incitantur⁸
1833 928 1944 985 At-

248 1028 359 1085 que
392 1008 564 1065 etiam
602 1006 797 1063 Iovem
836 1025 967 1062 cum
1011 1005 1316 1083 Optimum
1358 1015 1419 1064 et
1452 1007 1769 1065 Maximum
1803 1007 1943 1065 dici-

249 1108 392 1159 muS,
417 1106 661 1163 cumque
698 1086 943 1144 eundem
981 1084 1318 1158 Salutarem,
1339 1087 1723 1164 Hospitalem,
1750 1087 1942 1145 Stato-

245 1187 385 1238 rem,
411 1167 520 1224 hoc
544 1166 801 1242 intellegi
826 1166 1105 1239 volumus,
1127 1167 1370 1226 salutem
1397 1167 1744 1225 hominum
1729 1187 1790 1224 ιιι
1819 1167 1943 1225 eius

247 1267 369 1306 esse
396 1247 592 1305 tutela.
682 1245 922 1304 Minime
958 1255 1152 1306 autem
1177 1248 1464 1320 convenit,
1488 1267 1617 1305 cum
1650 1248 1762 1325 ipsi
1790 1248 1944 1304 inter

248 1347 354 1385 nos
383 1327 522 1385 viles
560 1326 921 1405 neglectique
949 1328 1156 1399 simuS,
1171 1328 1472 1404 postulare,
1498 1336 1565 1386 ut
1592 1328 1682 1385 dis
1708 1328 1945 1385 immor-

246 1407 458 1466 talibus
488 1407 602 1465 cari
640 1408 818 1466 simus
852 1416 911 1466 et
943 1408 1016 1465 ab
1049 1408 1121 1465 iis
1149 1408 1472 1484 diligamur.
1559 1407 1945 1477 Quemadmo-

248 1488 388 1547 dum
425 1488 604 1565 igitur
639 1487 913 1545 membris
954 1487 1173 1545 utimur
1204 1489 1379 1565 prim,
1406 1507 1579 1566 qnam
1612 1488 1939 1559 didicimuS‚

248 1569 412 1626 cuius
445 1587 513 1626 ea
550 1568 815 1626 utilitatis
848 1587 1017 1626 causa
1050 1567 1378 1641 habeamuS,
1410 1569 1492 1627 sic
1524 1569 1677 1627 inter
1709 1587 1813 1625 nos
1846 1587 1945 1624 na-

249 1656 381 1708 tura
413 1648 486 1706 ad
531 1648 755 1706 civilem
799 1648 1278 1706 communitatem
1312 1648 1606 1707 coniuncti
1647 1655 1718 1706 et
1743 1667 1945 1706 conso-

251 1730 386 1787 ciati
431 1748 644 1786 sumus,
729 1727 899 1797 Quod
942 1729 1002 1785 ni
1045 1728 1128 1785 ita
1169 1748 1228 1786 se
1261 1728 1513 1796 haberet,
1541 1747 1646 1786 nec
1687 1727 1942 1785 iustitiae

250 1810 401 1868 ullus
442 1819 591 1867 esset
634 1828 739 1880 nec
797 1807 1042 1866 bonitati
1089 1808 1265 1866 locuS.
1353 1808 1445 1867 6.7
1483 1808 1599 1866 Sed
1648 1807 1943 1886 quomodo

252 1889 556 1948 hominum
604 1890 753 1961 inter
798 1887 1062 1946 homines
1106 1889 1249 1946 iuris
1285 1908 1406 1947 esse
1449 1888 1676 1946 vincula
1714 1893 1940 1965 putant,

253 1971 334 2027 sic
378 1970 602 2027 homini
642 1968 786 2026 nihil
829 1968 970 2036 iuris
1010 1988 1131 2027 esse
1172 1988 1306 2025 cum
1344 1968 1560 2027 bestiis.
1646 1967 1943 2026 Praeclare

244 2050 405 2107 enim
438 2049 815 2127 Chrysippus,
839 2055 1026 2106 cetera
1046 2056 1183 2106 nata
1209 2068 1330 2107 esse
1358 2048 1660 2106 hominum
1690 2066 1859 2105 causa
1885 2054 1946 2105 et

253 2129 511 2198 deorum,
542 2148 641 2186 eos
673 2136 862 2186 autem
906 2129 1342 2186 communitatis
1374 2136 1433 2187 et
1466 2128 1757 2186 societatis
1790 2146 1941 2198 suae,

254 2217 319 2267 ut
357 2208 558 2266 bestiis
602 2208 864 2266 homines
907 2209 994 2267 uti
1043 2209 1118 2267 ad
1162 2209 1472 2267 utilitatem
1518 2227 1678 2265 suam
1721 2208 1947 2285 possint

254 2290 377 2346 sine
404 2288 629 2347 iniuria.
714 2288 1116 2367 Quoniamque
1151 2308 1219 2347 ea
1251 2297 1455 2346 natura
1487 2296 1635 2347 esset
1669 2287 1941 2358 hominis,

255 2377 321 2427 ut
349 2369 402 2427 ei
431 2388 560 2427 cum
591 2388 799 2445 genere
833 2368 1086 2427 humano
1122 2369 1284 2446 quasi
1318 2368 1482 2427 civile
1514 2368 1606 2426 ius
1634 2367 1947 2425 intercede-

253 2457 358 2521 ret,
383 2450 484 2527 qui
512 2449 573 2507 id
602 2455 975 2519 conservaret,
998 2468 1131 2508 eum
1162 2450 1395 2520 iustum,
1422 2448 1522 2527 qui
1549 2448 1837 2524 migraret,
1862 2448 1949 2504 in-

254 2530 470 2588 iustum
527 2530 673 2588 fore.
756 2529 873 2586 Sed
928 2529 1437 2606 quemadmodum,
1469 2528 1755 2586 theatrum
1813 2545 1947 2583 cum

254 2629 562 2667 commune
592 2610 683 2681 sit,
706 2617 859 2667 recte
891 2616 1086 2667 tamen
1122 2609 1238 2667 dici
1272 2616 1481 2685 potest,
1507 2608 1629 2666 eius
1662 2626 1783 2665 esse
1812 2625 1946 2664 eum

255 2689 464 2761 locum,
490 2708 661 2768 quem
691 2689 930 2767 quisquc
959 2689 1270 2765 occuparit,
1292 2689 1373 2747 sic
1402 2689 1458 2745 in
1489 2688 1629 2745 urbe
1656 2687 1949 2745 mundove

255 2770 552 2827 communi
582 2788 699 2826 non
733 2769 1110 2826 adversatur
1094 2788 1201 2840 mS,
1223 2788 1338 2845 quo
1366 2769 1559 2825 minus
1587 2786 1753 2825 suum
1786 2765 1950 2843 quid-

256 2867 371 2923 que
406 2849 680 2925 cuiusque
713 2848 804 2905 sit.
892 2852 984 2905 68.
1021 2847 1170 2905 Cum
1208 2856 1398 2905 autem
1434 2848 1508 2905 ad
1541 2848 1788 2905 tuendos
1815 2864 1950 2903 con·-

256 2927 677 3007 servandosque
719 2926 984 2983 homines
1024 2926 1319 2984 hominem
1365 2934 1565 2984 natum
1608 2946 1732 2985 esse
1759 2925 1950 2983 videa-

258 3023 402 3074 mUS,
427 3012 873 3063 consentancum
902 3012 988 3063 est
1016 3004 1151 3063 huic
1180 3014 1431 3077 naturae,
1453 3014 1518 3064 ut
1551 3007 1780 3084 sapiens
1807 3005 1949 3062 velit

255 3101 452 3157 gerere
478 3090 538 3140 et
570 3083 968 3142 administrare
1001 3103 1121 3141 rem
1155 3084 1443 3162 publicam
1478 3093 1668 3163 atque,
1693 3093 1775 3143 ut·
1793 3104 1825 3142 e
1853 3103 1951 3141 na-

254 3168 386 3220 tura
420 3161 590 3233 vivat,
615 3180 847 3222 uxorem
885 3163 1198 3240 adiungere
1238 3172 1297 3223 et
1330 3164 1472 3227 velle
1506 3184 1575 3226 ex
1610 3184 1678 3228 ea
1718 3165 1946 3225 liberos.
