2259 3467
746 113 887 165 mn.
913 113 1005 175 v.,
1033 112 1190 162 CAP.
1220 74 1446 172 xxm,
1477 110 1648 160 XXX.
1946 110 2042 156 183

357 227 579 282 tantam
628 217 745 276 vim
803 235 924 274 esse
973 214 1220 286 virtutis»,
1266 221 1332 271 ut
1387 211 1597 283 omnia,
1642 211 1690 269 si
1745 230 1813 267 ex
1868 209 2045 267 altera

358 310 520 383 parte
562 304 866 377 ponantur,
898 315 971 353 ne
1013 302 1327 372 appareant
1369 292 1620 370 quidem,
1656 310 1785 348 cum
1832 290 2041 362 omnia,

361 386 504 462 quae
538 380 622 438 illi
661 377 968 436 commoda
1008 383 1160 432 certe
1195 374 1397 444 dicunt
1430 391 1551 430 esse
1585 378 1644 429 et
1677 370 1955 428 sumenda
1986 379 2045 427 et

359 461 623 541 eligenda
665 468 724 517 et
766 456 1092 535 praeposita
1136 449 1307 532 (quae
1348 454 1430 511 ita
1471 451 1770 523 definiunt,
1802 451 2045 507 ut-satis

358 562 572 621 magno
621 537 977 599 aestimanda
1019 533 1186 613 sint),
1221 533 1360 591 haee
1403 532 1580 610 igitur
1622 551 1750 589 cum
1796 550 1904 608 ego
1955 529 2046 588 tot

358 623 694 682 nominibus
728 642 762 679 a
789 618 1001 678 Stoicis
1037 615 1337 694 appellata,
1363 613 1574 692 partim
1609 613 1774 670 novis
1808 620 1866 669 et
1894 629 2047 670 com-

358 704 664 775 menticiiS,
696 713 762 762 ut
804 703 912 759 ista
946 698 1234 775 producta
1269 704 1321 754 et
1354 696 1603 767 reducta,
1633 702 1853 772 partem
1890 693 2045 751 idem

360 784 815 861 significantibus
860 779 1027 861 (quid
1071 779 1226 838 enim
1271 779 1524 849 interest,
1557 784 1790 853 expetas
1831 795 1900 833 an
1952 775 2048 832 eli-

359 866 498 942 gas?
541 865 684 922 mihi
720 864 953 942 quidem
992 863 1167 920 etiam
1203 860 1413 917 lautius
1444 859 1686 930 videtur,
1708 856 1862 935 quod
1892 856 2048 933 eligi-

359 955 454 1003 tur
481 952 541 1003 et
569 946 642 1002 ad
665 945 820 1022 quod
843 944 1097 1002 delectus
1129 939 1478 1017 adhibetur),
1502 940 1618 1011 sed,
1640 958 1770 996 cum
1801 958 1910 1015 ego
1939 938 2050 995 ista
2072 954 2075 958 ’

361 1025 557 1083 omnia
591 1024 742 1082 bona
774 1026 988 1096 dixere,
1021 1032 1247 1083 tantum
1285 1024 1476 1094 refert,
1510 1041 1681 1099 quam
1722 1040 1935 1097 magna
1967 1019 2082 1076 di·-

361 1123 521 1177 cam3
565 1125 697 1163 eum
731 1105 1066 1183 expetenda,
1092 1125 1273 1184 quam
1313 1104 1490 1162 valde.
1577 1102 1681 1160 Sin
1716 1110 1909 1164 autem
1946 1120 2049 1158 nec

362 1185 683 1263 expetenda
709 1205 818 1263 ego
849 1186 1031 1263 magis
1064 1206 1236 1264 quam
1265 1194 1330 1244 tu
1362 1183 1640 1262 eligenda,
1665 1203 1771 1244 nec
1804 1184 1901 1241 illa
1927 1182 2052 1260 plu-

363 1266 439 1323 ris
467 1266 821 1324 aestimanda
848 1286 975 1342 ege,
1001 1268 1098 1346 qui
1126 1266 1296 1339 bona,
1328 1286 1497 1345 quam
1533 1274 1615 1338 tu,
1643 1266 1740 1343 qui
1771 1264 2052 1343 producta

361 1346 630 1424 appellaS,
661 1347 857 1405 omnia
888 1347 997 1405 ista
1034 1366 1261 1406 necesse
1298 1357 1386 1405 est
1421 1347 1708 1405 obscurari
1743 1365 1848 1403 nee
1881 1364 2052 1422 appa·

361 1446 482 1484 rere
504 1433 562 1484 et
582 1427 644 1483 in
666 1428 909 1499 virtutiS,
933 1436 1229 1506 tamquam
1259 1429 1323 1488 in
1356 1429 1506 1499 soliS,
1528 1428 1720 1491 radios
1748 1427 2047 1484 incurrere.

364 1512 458 1566 91.
492 1506 575 1564 At
609 1507 779 1577 enim,
813 1527 926 1585 qua
960 1508 1019 1565 in
1056 1509 1176 1566 vita
1219 1515 1305 1566 est
1349 1509 1565 1587 aliquid
1600 1508 1755 1579 mali,
1786 1527 1854 1565 ea
1885 1506 2053 1563 beata

364 1607 484 1645 esse
512 1607 629 1644 non
658 1594 865 1663 potest.
937 1588 1027 1646 Ne
1057 1608 1219 1665 seges
1250 1588 1482 1668 quidem
1514 1589 1693 1666 igitur
1721 1588 1893 1664 spicis
1919 1586 2054 1644 ube-

363 1667 521 1726 ribus
555 1675 614 1725 et
646 1668 872 1740 crebriS,
905 1669 950 1725 si
988 1688 1226 1726 avenam
1262 1670 1485 1747 uspiam
1522 1670 1747 1740 videriS,
1773 1688 1877 1726 nec
1910 1686 2051 1724 mer-

364 1756 560 1807 catura
577 1756 935 1825 quaestuosa,
955 1750 1003 1806 si
1021 1750 1079 1806 in
1101 1750 1369 1807 maximis
1390 1750 1560 1807 lucris
1581 1749 1815 1827 paulum
1836 1746 2053 1824 aliquid

366 1828 563 1887 damni
605 1830 966 1887 contraxerit.
1053 1829 1151 1886 An
1186 1830 1298 1887 hoe
1333 1849 1756 1909 usquequaque,
1787 1828 1951 1886 aliter
1991 1827 2052 1884 in

367 1909 520 1967 vita?
561 1916 620 1966 et
648 1928 764 1966 non
796 1928 865 1966 ex
893 1910 1147 1967 maxima
1180 1918 1340 1986 parte
1370 1911 1442 1968 de
1471 1918 1596 1968 tota
1622 1909 1940 1968 iudicabis?
1981 1927 2053 1964 an

367 1989 610 2047 dubium
644 1996 748 2061 est,
781 1990 919 2066 quin
957 1990 1136 2047 virtus
1172 1991 1253 2047 ita
1293 1992 1604 2048 maximam
1643 1997 1865 2067 partem
1910 1988 2057 2046 obti-

367 2076 502 2127 neat
528 2069 590 2126 in
619 2069 788 2127 rebus
816 2069 1101 2141 humaniS,
1126 2077 1194 2128 ut
1222 2071 1467 2149 reliquas
1497 2071 1737 2129 obruat?
1803 2067 2055 2132 Audebo
2114 2072 2118 2076 “

368 2150 548 2227 igitur
594 2157 797 2222 cetera,
845 2169 990 2227 quae
1046 2151 1358 2208 secundum
1412 2159 1673 2210 naturam
1729 2151 1860 2221 sint,
1905 2150 2059 2207 bona

369 2229 656 2307 appellare
702 2250 808 2288 nec
852 2231 1118 2289 fraudare
1163 2251 1267 2290 suo
1310 2240 1499 2290 vetere
1550 2232 1784 2289 nomine
1819 2231 1846 2305 †
1885 2224 2063 2308 quam‘

370 2310 589 2388 aliquid
656 2311 852 2386 potius
928 2330 1142 2369 novum
1208 2313 1518 2390 exquirere,
1570 2312 1799 2378 virtutis
1864 2318 2058 2368 autem

371 2390 814 2468 amplitudinem
860 2392 1020 2469 quasi
1069 2392 1130 2448 in
1180 2392 1357 2450 altera
1401 2392 1574 2450 librae
1617 2392 1775 2450 lance
1825 2408 2055 2468 ponere.

374 2476 467 2528 92.
504 2470 756 2542 Terram,
788 2471 934 2528 mihi
969 2472 1152 2543 crede,
1185 2492 1252 2529 ca
1284 2472 1416 2529 lanx
1451 2479 1510 2531 et
1542 2473 1723 2529 maria
1755 2471 2056 2548 deprimet.

373 2549 614 2627 Semper
647 2552 799 2608 enim
845 2571 914 2609 ex
957 2571 1042 2622 ee,
1077 2551 1234 2628 quod
1266 2554 1545 2610 maximas
1578 2561 1770 2628 partes
1803 2550 2062 2608 continet

372 2630 763 2707 latissimeque
795 2632 1078 2704 funditur,
1103 2639 1229 2689 tota
1260 2652 1350 2689 res
1379 2632 1711 2710 appellatur.
1795 2631 2062 2689 Dicimus

373 2710 623 2788 aliquem
654 2710 828 2768 hilare
859 2712 1076 2784 vivere3
1121 2731 1276 2789 erge,
1301 2712 1350 2768 si
1378 2712 1551 2770 semel
1579 2712 1799 2778 tristior
1826 2711 2062 2767 effeetus

374 2797 476 2862 est,
501 2789 682 2847 hilara
709 2790 829 2848 vita
856 2792 1064 2848 amissa
1091 2794 1211 2849 est?
1292 2792 1379 2849 At
1405 2792 1516 2850 hoc
1545 2792 1605 2849 in
1635 2812 1702 2849 eo
1733 2791 1809 2848 M.
1836 2790 2057 2861 Crasso,

376 2889 546 2947 quem
578 2870 753 2927 semel
782 2871 863 2928 ait
891 2871 952 2928 in
983 2872 1100 2929 vita
1126 2872 1318 2930 risisse
1347 2872 1616 2943 LuciliuS,
1641 2891 1759 2929 non
1794 2871 2057 2946 contigit,

375 2956 441 3007 ut
489 2969 556 3007 ea
603 2969 663 3007 re
704 2951 898 3008 minus
938 2953 1269 3027 ἀγέλαστος,
1302 2960 1369 3010 ut
1410 2954 1491 3011 ait
1540 2954 1713 3024 idem,
1744 2958 2056 3008 vocaretur.

374 3028 741 3107 Polycratem
772 3030 1027 3088 Samium
1059 3032 1288 3090 felicem
1319 3032 1699 3109 appellabant.
1785 3030 1946 3088 Nihil
1976 3050 2061 3087 ac-

374 3109 591 3168 ciderat
633 3111 702 3182 ei,
736 3111 891 3188 quod
933 3111 1127 3182 nollet,
1165 3112 1276 3170 nisi
1320 3113 1478 3189 quod
1527 3112 1778 3181 anulum,
1812 3130 1926 3188 quo
1969 3111 2062 3167 de-

373 3187 707 3264 lectabatur,
759 3191 819 3248 in
877 3192 1020 3249 mari
1075 3192 1373 3251 abiecerat.
1479 3193 1635 3271 Ergo
1690 3192 1893 3251 infelix
1931 3207 2063 3248 ‘una
