<?xml version="1.0" encoding="UTF-8"?>
<!DOCTYPE html PUBLIC "-//W3C//DTD XHTML 1.0 Transitional//EN"
    "http://www.w3.org/TR/xhtml1/DTD/xhtml1-transitional.dtd">
<html xmlns="http://www.w3.org/1999/xhtml" xml:lang="en" lang="en">
 <head>
  <title>
</title>
<meta http-equiv="Content-Type" content="text/html;charset=utf-8" />
  <meta name='ocr-system' content='tesseract 3.04.00' />
  <meta name='ocr-capabilities' content='ocr_page ocr_carea ocr_par ocr_line ocrx_word'/>
</head>
<body>
  <div class='ocr_page' id='page_1' title='image "./definibusbonoru05cicegoog_0028.png"; bbox 0 0 2259 3467; ppageno 0'>
   <div class='ocr_carea' id='block_1_1' title="bbox 283 124 1797 178">
    <p class='ocr_par' dir='ltr' id='par_1_1' title="bbox 283 124 1797 178">
     <span class='ocr_line' id='line_1_1' title="bbox 283 124 1797 178; baseline -0.001 -2"><span class='ocrx_word' id='word_1_1' title='bbox 283 130 344 178; x_wconf 86' lang='grc'><strong>18</strong></span> <span class='ocrx_word' id='word_1_2' title='bbox 450 127 550 176; x_wconf 87' lang='lat' dir='ltr'><strong>DE</strong></span> <span class='ocrx_word' id='word_1_3' title='bbox 582 126 874 177; x_wconf 84' lang='lat' dir='ltr'><strong>FINIBUS</strong></span> <span class='ocrx_word' id='word_1_4' title='bbox 907 125 1259 175; x_wconf 86' lang='lat' dir='ltr'>BONORUM</span> <span class='ocrx_word' id='word_1_5' title='bbox 1293 125 1386 173; x_wconf 85' lang='grc' dir='ltr'><strong>ΕΤ</strong></span> <span class='ocrx_word' id='word_1_6' title='bbox 1419 124 1797 175; x_wconf 85' lang='lat' dir='ltr'><strong>MALORUM.</strong></span> 
     </span>
    </p>
   </div>
   <div class='ocr_carea' id='block_1_2' title="bbox 273 227 1972 3269">
    <p class='ocr_par' dir='ltr' id='par_1_2' title="bbox 273 227 1969 2768">
     <span class='ocr_line' id='line_1_2' title="bbox 280 227 1969 307; baseline -0.001 -20"><span class='ocrx_word' id='word_1_7' title='bbox 280 227 765 307; x_wconf 81' lang='lat' dir='ltr'><strong>praestabiliorem</strong></span> <span class='ocrx_word' id='word_1_8' title='bbox 801 234 901 285; x_wconf 87' lang='lat' dir='ltr'><strong>aut</strong></span> <span class='ocrx_word' id='word_1_9' title='bbox 935 229 1120 304; x_wconf 87' lang='lat' dir='ltr'><strong>magis</strong></span> <span class='ocrx_word' id='word_1_10' title='bbox 1154 227 1539 304; x_wconf 86' lang='lat' dir='ltr'><strong>expetendum</strong></span> <span class='ocrx_word' id='word_1_11' title='bbox 1569 227 1857 304; x_wconf 88' lang='lat' dir='ltr'><strong>possimus</strong></span> <span class='ocrx_word' id='word_1_12' title='bbox 1874 228 1969 285; x_wconf 78' lang='lat' dir='ltr'><strong>di-</strong></span> 
     </span>
     <span class='ocr_line' id='line_1_3' title="bbox 278 308 1967 384; baseline -0.001 -17"><span class='ocrx_word' id='word_1_13' title='bbox 278 310 445 368; x_wconf 64' lang='lat' dir='ltr'><strong>cere?</strong></span> <span class='ocrx_word' id='word_1_14' title='bbox 543 308 736 366; x_wconf 84' lang='lat' dir='ltr'>Inesse</span> <span class='ocrx_word' id='word_1_15' title='bbox 785 310 939 366; x_wconf 91' lang='lat' dir='ltr'><strong>enim</strong></span> <span class='ocrx_word' id='word_1_16' title='bbox 987 326 1212 364; x_wconf 88' lang='lat' dir='ltr'><strong>necesse</strong></span> <span class='ocrx_word' id='word_1_17' title='bbox 1262 315 1348 364; x_wconf 87' lang='lat' dir='ltr'><strong>est</strong></span> <span class='ocrx_word' id='word_1_18' title='bbox 1397 308 1455 363; x_wconf 92' lang='lat' dir='ltr'><strong>in</strong></span> <span class='ocrx_word' id='word_1_19' title='bbox 1502 327 1588 377; x_wconf 90' lang='lat' dir='ltr'><strong>eo,</strong></span> <span class='ocrx_word' id='word_1_20' title='bbox 1620 308 1721 384; x_wconf 90' lang='lat' dir='ltr'><strong>qui</strong></span> <span class='ocrx_word' id='word_1_21' title='bbox 1765 308 1848 365; x_wconf 88' lang='lat' dir='ltr'><strong>ita</strong></span> <span class='ocrx_word' id='word_1_22' title='bbox 1892 309 1967 365; x_wconf 89' lang='lat' dir='ltr'><strong>sit</strong></span> 
     </span>
     <span class='ocr_line' id='line_1_4' title="bbox 278 387 1967 456; baseline -0.002 -8"><span class='ocrx_word' id='word_1_23' title='bbox 278 390 536 456; x_wconf 82' lang='lat' dir='ltr'><strong>affectus,</strong></span> <span class='ocrx_word' id='word_1_24' title='bbox 565 396 625 446; x_wconf 90' lang='lat' dir='ltr'><strong>et</strong></span> <span class='ocrx_word' id='word_1_25' title='bbox 655 387 985 452; x_wconf 79' lang='lat' dir='ltr'><strong>firmitatem</strong></span> <span class='ocrx_word' id='word_1_26' title='bbox 1020 388 1200 444; x_wconf 87' lang='lat' dir='ltr'><strong>animi</strong></span> <span class='ocrx_word' id='word_1_27' title='bbox 1233 406 1338 445; x_wconf 88' lang='lat' dir='ltr'><strong>nec</strong></span> <span class='ocrx_word' id='word_1_28' title='bbox 1380 395 1625 444; x_wconf 84' lang='lat' dir='ltr'><strong>mortem</strong></span> <span class='ocrx_word' id='word_1_29' title='bbox 1670 405 1775 444; x_wconf 89' lang='lat' dir='ltr'><strong>nec</strong></span> <span class='ocrx_word' id='word_1_30' title='bbox 1808 388 1967 445; x_wconf 90' lang='lat' dir='ltr'><strong>dolo-</strong></span> 
     </span>
     <span class='ocr_line' id='line_1_5' title="bbox 277 466 1965 545; baseline -0.002 -18"><span class='ocrx_word' id='word_1_31' title='bbox 277 489 399 527; x_wconf 89' lang='lat' dir='ltr'><strong>rem</strong></span> <span class='ocrx_word' id='word_1_32' title='bbox 435 468 709 539; x_wconf 83' lang='lat' dir='ltr'><strong>timentiS,</strong></span> <span class='ocrx_word' id='word_1_33' title='bbox 736 468 892 545; x_wconf 88' lang='lat' dir='ltr'><strong>quod</strong></span> <span class='ocrx_word' id='word_1_34' title='bbox 927 486 1081 525; x_wconf 84' lang='lat' dir='ltr'><strong>mors</strong></span> <span class='ocrx_word' id='word_1_35' title='bbox 1114 487 1281 525; x_wconf 89' lang='lat' dir='ltr'><strong>sensu</strong></span> <span class='ocrx_word' id='word_1_36' title='bbox 1317 477 1520 537; x_wconf 87' lang='lat' dir='ltr'><strong>careat,</strong></span> <span class='ocrx_word' id='word_1_37' title='bbox 1552 466 1719 524; x_wconf 88' lang='lat' dir='ltr'><strong>dolor</strong></span> <span class='ocrx_word' id='word_1_38' title='bbox 1749 467 1809 524; x_wconf 93' lang='lat' dir='ltr'><strong>in</strong></span> <span class='ocrx_word' id='word_1_39' title='bbox 1846 466 1965 524; x_wconf 90' lang='lat' dir='ltr'><strong>lon-</strong></span> 
     </span>
     <span class='ocr_line' id='line_1_6' title="bbox 276 546 1967 626; baseline -0.001 -20"><span class='ocrx_word' id='word_1_40' title='bbox 276 549 601 626; x_wconf 88' lang='lat' dir='ltr'><strong>ginquitate</strong></span> <span class='ocrx_word' id='word_1_41' title='bbox 649 547 805 619; x_wconf 86' lang='lat' dir='ltr'><strong>levis,</strong></span> <span class='ocrx_word' id='word_1_42' title='bbox 843 548 900 605; x_wconf 92' lang='lat' dir='ltr'><strong>in</strong></span> <span class='ocrx_word' id='word_1_43' title='bbox 944 546 1226 624; x_wconf 86' lang='lat' dir='ltr'><strong>gravitate</strong></span> <span class='ocrx_word' id='word_1_44' title='bbox 1269 547 1453 605; x_wconf 88' lang='lat' dir='ltr'><strong>brevis</strong></span> <span class='ocrx_word' id='word_1_45' title='bbox 1502 547 1682 604; x_wconf 86' lang='lat' dir='ltr'><strong>soleat</strong></span> <span class='ocrx_word' id='word_1_46' title='bbox 1730 566 1867 616; x_wconf 89' lang='lat' dir='ltr'><strong>esse,</strong></span> <span class='ocrx_word' id='word_1_47' title='bbox 1899 557 1967 605; x_wconf 88' lang='lat' dir='ltr'><strong>ut</strong></span> 
     </span>
     <span class='ocr_line' id='line_1_7' title="bbox 277 626 1964 705; baseline -0.002 -19"><span class='ocrx_word' id='word_1_48' title='bbox 277 648 401 687; x_wconf 79' lang='lat' dir='ltr'><strong>eius</strong></span> <span class='ocrx_word' id='word_1_49' title='bbox 434 628 892 705; x_wconf 82' lang='lat' dir='ltr'><strong>magnitudinem</strong></span> <span class='ocrx_word' id='word_1_50' title='bbox 927 628 1202 697; x_wconf 83' lang='lat' dir='ltr'><strong>celeritas,</strong></span> <span class='ocrx_word' id='word_1_51' title='bbox 1227 627 1665 684; x_wconf 79' lang='lat' dir='ltr'><strong>diuturnitatem</strong></span> <span class='ocrx_word' id='word_1_52' title='bbox 1700 626 1964 684; x_wconf 86' lang='lat' dir='ltr'><strong>allevatio</strong></span> 
     </span>
     <span class='ocr_line' id='line_1_8' title="bbox 277 708 1966 784; baseline -0.002 -17"><span class='ocrx_word' id='word_1_53' title='bbox 277 709 619 767; x_wconf 81' lang='lat' dir='ltr'><strong>consoletur.</strong></span> <span class='ocrx_word' id='word_1_54' title='bbox 705 713 799 766; x_wconf 89' lang='lat'><strong>41.</strong></span> <span class='ocrx_word' id='word_1_55' title='bbox 846 708 942 765; x_wconf 87' lang='lat' dir='ltr'><strong>Ad</strong></span> <span class='ocrx_word' id='word_1_56' title='bbox 984 728 1052 765; x_wconf 90' lang='lat' dir='ltr'><strong>ea</strong></span> <span class='ocrx_word' id='word_1_57' title='bbox 1093 727 1221 765; x_wconf 89' lang='lat' dir='ltr'><strong>cum</strong></span> <span class='ocrx_word' id='word_1_58' title='bbox 1274 708 1510 776; x_wconf 86' lang='lat' dir='ltr'><strong>accedit,</strong></span> <span class='ocrx_word' id='word_1_59' title='bbox 1547 714 1613 764; x_wconf 92' lang='lat' dir='ltr'><strong>ut</strong></span> <span class='ocrx_word' id='word_1_60' title='bbox 1654 726 1840 784; x_wconf 90' lang='lat' dir='ltr'><strong>neque</strong></span> <span class='ocrx_word' id='word_1_61' title='bbox 1882 708 1966 763; x_wconf 90' lang='lat' dir='ltr'><strong>di-</strong></span> 
     </span>
     <span class='ocr_line' id='line_1_9' title="bbox 277 787 1966 864; baseline -0.002 -18"><span class='ocrx_word' id='word_1_62' title='bbox 277 789 474 846; x_wconf 89' lang='lat' dir='ltr'><strong>vinum</strong></span> <span class='ocrx_word' id='word_1_63' title='bbox 530 807 741 845; x_wconf 90' lang='lat' dir='ltr'><strong>numen</strong></span> <span class='ocrx_word' id='word_1_64' title='bbox 801 787 1028 846; x_wconf 85' lang='lat' dir='ltr'><strong>horreat</strong></span> <span class='ocrx_word' id='word_1_65' title='bbox 1083 807 1192 846; x_wconf 87' lang='lat' dir='ltr'><strong>nec</strong></span> <span class='ocrx_word' id='word_1_66' title='bbox 1252 788 1585 864; x_wconf 83' lang='lat' dir='ltr'><strong>praeterit-as</strong></span> <span class='ocrx_word' id='word_1_67' title='bbox 1642 787 1966 864; x_wconf 86' lang='lat' dir='ltr'><strong>voluptates</strong></span> 
     </span>
     <span class='ocr_line' id='line_1_10' title="bbox 276 867 1965 946; baseline -0.001 -21"><span class='ocrx_word' id='word_1_68' title='bbox 276 868 501 927; x_wconf 87' lang='lat' dir='ltr'><strong>effluere</strong></span> <span class='ocrx_word' id='word_1_69' title='bbox 534 869 787 946; x_wconf 87' lang='lat' dir='ltr'><strong>patiatur</strong></span> <span class='ocrx_word' id='word_1_70' title='bbox 820 887 1127 946; x_wconf 84' lang='lat' dir='ltr'><strong>earumque</strong></span> <span class='ocrx_word' id='word_1_71' title='bbox 1170 867 1398 924; x_wconf 88' lang='lat' dir='ltr'><strong>assidua</strong></span> <span class='ocrx_word' id='word_1_72' title='bbox 1431 867 1823 924; x_wconf 78' lang='lat' dir='ltr'><strong>recordatione</strong></span> <span class='ocrx_word' id='word_1_73' title='bbox 1857 867 1965 924; x_wconf 90' lang='lat' dir='ltr'><strong>lae-</strong></span> 
     </span>
     <span class='ocr_line' id='line_1_11' title="bbox 274 947 1966 1026; baseline -0.002 -20"><span class='ocrx_word' id='word_1_74' title='bbox 274 957 444 1019; x_wconf 86' lang='lat' dir='ltr'><strong>tetur,</strong></span> <span class='ocrx_word' id='word_1_75' title='bbox 471 949 610 1026; x_wconf 90' lang='lat' dir='ltr'><strong>quid</strong></span> <span class='ocrx_word' id='word_1_76' title='bbox 644 956 746 1018; x_wconf 90' lang='lat' dir='ltr'><strong>est,</strong></span> <span class='ocrx_word' id='word_1_77' title='bbox 773 949 928 1025; x_wconf 91' lang='lat' dir='ltr'><strong>quod</strong></span> <span class='ocrx_word' id='word_1_78' title='bbox 964 947 1075 1006; x_wconf 90' lang='lat' dir='ltr'><strong>huc</strong></span> <span class='ocrx_word' id='word_1_79' title='bbox 1111 948 1309 1025; x_wconf 85' lang='lat' dir='ltr'><strong>possit,</strong></span> <span class='ocrx_word' id='word_1_80' title='bbox 1335 947 1488 1025; x_wconf 91' lang='lat' dir='ltr'><strong>quod</strong></span> <span class='ocrx_word' id='word_1_81' title='bbox 1524 947 1728 1004; x_wconf 89' lang='lat' dir='ltr'><strong>melius</strong></span> <span class='ocrx_word' id='word_1_82' title='bbox 1761 948 1853 1017; x_wconf 91' lang='lat' dir='ltr'><strong>sit,</strong></span> <span class='ocrx_word' id='word_1_83' title='bbox 1878 967 1966 1003; x_wconf 77' lang='lat' dir='ltr'><strong>ae-</strong></span> 
     </span>
     <span class='ocr_line' id='line_1_12' title="bbox 274 1027 1965 1105; baseline -0.002 -18"><span class='ocrx_word' id='word_1_84' title='bbox 274 1028 509 1087; x_wconf 68' lang='lat' dir='ltr'><strong>cedere?</strong></span> <span class='ocrx_word' id='word_1_85' title='bbox 577 1028 778 1086; x_wconf 81' lang='lat' dir='ltr'><strong>Statue</strong></span> <span class='ocrx_word' id='word_1_86' title='bbox 806 1037 1006 1086; x_wconf 87' lang='lat' dir='ltr'><strong>contra</strong></span> <span class='ocrx_word' id='word_1_87' title='bbox 1026 1028 1275 1105; x_wconf 88' lang='lat' dir='ltr'><strong>aliquem</strong></span> <span class='ocrx_word' id='word_1_88' title='bbox 1298 1029 1626 1084; x_wconf 88' lang='lat' dir='ltr'><strong>confectum</strong></span> <span class='ocrx_word' id='word_1_89' title='bbox 1650 1027 1827 1084; x_wconf 87' lang='lat' dir='ltr'><strong>tantis</strong></span> <span class='ocrx_word' id='word_1_90' title='bbox 1847 1028 1965 1083; x_wconf 88' lang='lat' dir='ltr'><strong>ani-</strong></span> 
     </span>
     <span class='ocr_line' id='line_1_13' title="bbox 273 1107 1963 1186; baseline -0.002 -19"><span class='ocrx_word' id='word_1_91' title='bbox 273 1110 356 1168; x_wconf 88' lang='lat' dir='ltr'><strong>mi</strong></span> <span class='ocrx_word' id='word_1_92' title='bbox 378 1109 745 1186; x_wconf 82' lang='lat' dir='ltr'><strong>corporisque</strong></span> <span class='ocrx_word' id='word_1_93' title='bbox 766 1108 1078 1178; x_wconf 77' lang='lat' dir='ltr'><strong>doloribuS‚</strong></span> <span class='ocrx_word' id='word_1_94' title='bbox 1097 1108 1294 1185; x_wconf 88' lang='lat' dir='ltr'><strong>quanti</strong></span> <span class='ocrx_word' id='word_1_95' title='bbox 1317 1108 1375 1164; x_wconf 91' lang='lat' dir='ltr'><strong>in</strong></span> <span class='ocrx_word' id='word_1_96' title='bbox 1401 1107 1695 1164; x_wconf 87' lang='lat' dir='ltr'><strong>hominem</strong></span> <span class='ocrx_word' id='word_1_97' title='bbox 1725 1108 1963 1163; x_wconf 87' lang='lat' dir='ltr'><strong>maximi</strong></span> 
     </span>
     <span class='ocr_line' id='line_1_14' title="bbox 273 1186 1965 1265; baseline -0.002 -18"><span class='ocrx_word' id='word_1_98' title='bbox 273 1189 475 1247; x_wconf 86' lang='lat' dir='ltr'><strong>cadere</strong></span> <span class='ocrx_word' id='word_1_99' title='bbox 514 1196 774 1264; x_wconf 87' lang='lat' dir='ltr'><strong>possunt,</strong></span> <span class='ocrx_word' id='word_1_100' title='bbox 807 1187 963 1246; x_wconf 87' lang='lat' dir='ltr'><strong>nulla</strong></span> <span class='ocrx_word' id='word_1_101' title='bbox 1003 1208 1104 1265; x_wconf 87' lang='lat' dir='ltr'><strong>spe</strong></span> <span class='ocrx_word' id='word_1_102' title='bbox 1144 1188 1457 1265; x_wconf 87' lang='lat' dir='ltr'><strong>proposita,</strong></span> <span class='ocrx_word' id='word_1_103' title='bbox 1487 1187 1613 1244; x_wconf 86' lang='lat' dir='ltr'><strong>fore</strong></span> <span class='ocrx_word' id='word_1_104' title='bbox 1646 1187 1826 1244; x_wconf 92' lang='lat' dir='ltr'><strong>levius</strong></span> <span class='ocrx_word' id='word_1_105' title='bbox 1867 1186 1965 1243; x_wconf 77' lang='lat' dir='ltr'><strong>a‘li-</strong></span> 
     </span>
     <span class='ocr_line' id='line_1_15' title="bbox 275 1268 1963 1346; baseline -0.002 -19"><span class='ocrx_word' id='word_1_106' title='bbox 275 1269 525 1346; x_wconf 87' lang='lat' dir='ltr'><strong>quand0‚</strong></span> <span class='ocrx_word' id='word_1_107' title='bbox 558 1270 710 1326; x_wconf 88' lang='lat' dir='ltr'><strong>nulla</strong></span> <span class='ocrx_word' id='word_1_108' title='bbox 753 1279 1042 1346; x_wconf 85' lang='lat' dir='ltr'><strong>praeterea</strong></span> <span class='ocrx_word' id='word_1_109' title='bbox 1086 1287 1267 1344; x_wconf 90' lang='lat' dir='ltr'><strong>neque</strong></span> <span class='ocrx_word' id='word_1_110' title='bbox 1300 1268 1586 1345; x_wconf 84' lang='lat' dir='ltr'><strong>praesenti</strong></span> <span class='ocrx_word' id='word_1_111' title='bbox 1619 1286 1725 1324; x_wconf 88' lang='lat' dir='ltr'><strong>nec</strong></span> <span class='ocrx_word' id='word_1_112' title='bbox 1764 1286 1963 1344; x_wconf 83' lang='lat' dir='ltr'><strong>expec-</strong></span> 
     </span>
     <span class='ocr_line' id='line_1_16' title="bbox 274 1350 1962 1431; baseline -0.002 -20"><span class='ocrx_word' id='word_1_113' title='bbox 274 1361 397 1411; x_wconf 83' lang='lat' dir='ltr'><strong>tata</strong></span> <span class='ocrx_word' id='word_1_114' title='bbox 428 1351 761 1431; x_wconf 88' lang='lat' dir='ltr'><strong>voluptate;</strong></span> <span class='ocrx_word' id='word_1_115' title='bbox 804 1351 943 1428; x_wconf 87' lang='lat' dir='ltr'><strong>quid</strong></span> <span class='ocrx_word' id='word_1_116' title='bbox 977 1371 1047 1409; x_wconf 94' lang='lat' dir='ltr'><strong>eo</strong></span> <span class='ocrx_word' id='word_1_117' title='bbox 1081 1352 1343 1409; x_wconf 89' lang='lat' dir='ltr'><strong>miserius</strong></span> <span class='ocrx_word' id='word_1_118' title='bbox 1376 1351 1491 1408; x_wconf 87' lang='lat' dir='ltr'><strong>dici</strong></span> <span class='ocrx_word' id='word_1_119' title='bbox 1524 1360 1625 1409; x_wconf 86' lang='lat' dir='ltr'><strong>aut</strong></span> <span class='ocrx_word' id='word_1_120' title='bbox 1657 1350 1799 1428; x_wconf 88' lang='lat' dir='ltr'><strong>fingi</strong></span> <span class='ocrx_word' id='word_1_121' title='bbox 1835 1361 1962 1426; x_wconf 87' lang='lat' dir='ltr'><strong>pot-</strong></span> 
     </span>
     <span class='ocr_line' id='line_1_17' title="bbox 275 1430 1961 1505; baseline -0.002 -14"><span class='ocrx_word' id='word_1_122' title='bbox 275 1434 399 1491; x_wconf 63' lang='lat' dir='ltr'><strong>est?</strong></span> <span class='ocrx_word' id='word_1_123' title='bbox 480 1432 653 1500; x_wconf 80' lang='lat' dir='ltr'><strong>Quod</strong></span> <span class='ocrx_word' id='word_1_124' title='bbox 687 1433 736 1488; x_wconf 86' lang='lat' dir='ltr'><strong>si</strong></span> <span class='ocrx_word' id='word_1_125' title='bbox 776 1433 892 1488; x_wconf 89' lang='lat' dir='ltr'><strong>vita</strong></span> <span class='ocrx_word' id='word_1_126' title='bbox 933 1431 1227 1488; x_wconf 87' lang='lat' dir='ltr'><strong>doloribus</strong></span> <span class='ocrx_word' id='word_1_127' title='bbox 1270 1432 1480 1488; x_wconf 84' lang='lat' dir='ltr'><strong>referta</strong></span> <span class='ocrx_word' id='word_1_128' title='bbox 1521 1431 1769 1488; x_wconf 87' lang='lat' dir='ltr'><strong>maxime</strong></span> <span class='ocrx_word' id='word_1_129' title='bbox 1810 1430 1961 1505; x_wconf 86' lang='lat' dir='ltr'><strong>fugi-</strong></span> 
     </span>
     <span class='ocr_line' id='line_1_18' title="bbox 276 1508 1962 1585; baseline 0 -18"><span class='ocrx_word' id='word_1_130' title='bbox 276 1508 424 1567; x_wconf 88' lang='lat' dir='ltr'><strong>enda</strong></span> <span class='ocrx_word' id='word_1_131' title='bbox 466 1518 888 1580; x_wconf 60' lang='lat' dir='ltr'><strong>est,«.su1nmum</strong></span> <span class='ocrx_word' id='word_1_132' title='bbox 923 1509 1188 1585; x_wconf 88' lang='lat' dir='ltr'><strong>profecto</strong></span> <span class='ocrx_word' id='word_1_133' title='bbox 1228 1509 1441 1566; x_wconf 86' lang='lat' dir='ltr'><strong>malum</strong></span> <span class='ocrx_word' id='word_1_134' title='bbox 1476 1515 1564 1566; x_wconf 93' lang='lat' dir='ltr'><strong>est</strong></span> <span class='ocrx_word' id='word_1_135' title='bbox 1601 1510 1790 1567; x_wconf 86' lang='lat' dir='ltr'><strong>vivere</strong></span> <span class='ocrx_word' id='word_1_136' title='bbox 1830 1529 1962 1567; x_wconf 89' lang='lat' dir='ltr'><strong>cum</strong></span> 
     </span>
     <span class='ocr_line' id='line_1_19' title="bbox 277 1588 1962 1660; baseline 0 -14"><span class='ocrx_word' id='word_1_137' title='bbox 277 1588 509 1658; x_wconf 82' lang='lat' dir='ltr'><strong>dolore3</strong></span> <span class='ocrx_word' id='word_1_138' title='bbox 566 1590 659 1647; x_wconf 91' lang='lat' dir='ltr'><strong>cui</strong></span> <span class='ocrx_word' id='word_1_139' title='bbox 702 1590 1018 1650; x_wconf 87' lang='lat' dir='ltr'><strong>sententiae</strong></span> <span class='ocrx_word' id='word_1_140' title='bbox 1059 1598 1504 1646; x_wconf 87' lang='lat' dir='ltr'><strong>consentaneum</strong></span> <span class='ocrx_word' id='word_1_141' title='bbox 1551 1596 1653 1660; x_wconf 87' lang='lat' dir='ltr'><strong>est,</strong></span> <span class='ocrx_word' id='word_1_142' title='bbox 1690 1589 1962 1647; x_wconf 90' lang='lat' dir='ltr'><strong>ultimum</strong></span> 
     </span>
     <span class='ocr_line' id='line_1_20' title="bbox 277 1668 1965 1746; baseline -0.001 -19"><span class='ocrx_word' id='word_1_143' title='bbox 277 1688 398 1727; x_wconf 88' lang='lat' dir='ltr'><strong>esse</strong></span> <span class='ocrx_word' id='word_1_144' title='bbox 421 1670 702 1727; x_wconf 89' lang='lat' dir='ltr'><strong>bonorum</strong></span> <span class='ocrx_word' id='word_1_145' title='bbox 726 1689 856 1726; x_wconf 91' lang='lat' dir='ltr'><strong>cum</strong></span> <span class='ocrx_word' id='word_1_146' title='bbox 881 1668 1175 1746; x_wconf 85' lang='lat' dir='ltr'><strong>voluptate</strong></span> <span class='ocrx_word' id='word_1_147' title='bbox 1198 1669 1400 1726; x_wconf 89' lang='lat' dir='ltr'><strong>vivere.</strong></span> <span class='ocrx_word' id='word_1_148' title='bbox 1460 1668 1583 1726; x_wconf 91' lang='lat' dir='ltr'><strong>Nec</strong></span> <span class='ocrx_word' id='word_1_149' title='bbox 1611 1669 1767 1726; x_wconf 91' lang='lat' dir='ltr'><strong>enim</strong></span> <span class='ocrx_word' id='word_1_150' title='bbox 1789 1669 1965 1726; x_wconf 90' lang='lat' dir='ltr'><strong>habet</strong></span> 
     </span>
     <span class='ocr_line' id='line_1_21' title="bbox 278 1749 1962 1827; baseline 0 -20"><span class='ocrx_word' id='word_1_151' title='bbox 278 1758 474 1807; x_wconf 88' lang='lat' dir='ltr'><strong>nostra</strong></span> <span class='ocrx_word' id='word_1_152' title='bbox 520 1769 682 1807; x_wconf 90' lang='lat' dir='ltr'><strong>mens</strong></span> <span class='ocrx_word' id='word_1_153' title='bbox 725 1749 1058 1827; x_wconf 86' lang='lat' dir='ltr'><strong>quidquam,</strong></span> <span class='ocrx_word' id='word_1_154' title='bbox 1088 1749 1190 1824; x_wconf 87' lang='lat' dir='ltr'><strong>ubi</strong></span> <span class='ocrx_word' id='word_1_155' title='bbox 1238 1750 1515 1806; x_wconf 86' lang='lat' dir='ltr'><strong>consistat</strong></span> <span class='ocrx_word' id='word_1_156' title='bbox 1561 1756 1857 1826; x_wconf 85' lang='lat' dir='ltr'><strong>tamquam</strong></span> <span class='ocrx_word' id='word_1_157' title='bbox 1900 1750 1962 1807; x_wconf 89' lang='lat' dir='ltr'><strong>in</strong></span> 
     </span>
     <span class='ocr_line' id='line_1_22' title="bbox 277 1829 1965 1907; baseline -0.002 -19"><span class='ocrx_word' id='word_1_158' title='bbox 277 1838 557 1903; x_wconf 73' lang='lat' dir='ltr'><strong>extreme,</strong></span> <span class='ocrx_word' id='word_1_159' title='bbox 582 1849 894 1907; x_wconf 89' lang='lat' dir='ltr'><strong>omnesque</strong></span> <span class='ocrx_word' id='word_1_160' title='bbox 927 1839 987 1887; x_wconf 90' lang='lat' dir='ltr'><strong>et</strong></span> <span class='ocrx_word' id='word_1_161' title='bbox 1021 1837 1209 1901; x_wconf 85' lang='lat' dir='ltr'><strong>metus</strong></span> <span class='ocrx_word' id='word_1_162' title='bbox 1242 1837 1300 1886; x_wconf 89' lang='lat' dir='ltr'><strong>et</strong></span> <span class='ocrx_word' id='word_1_163' title='bbox 1333 1829 1722 1905; x_wconf 85' lang='lat' dir='ltr'><strong>aegritudines</strong></span> <span class='ocrx_word' id='word_1_164' title='bbox 1757 1829 1831 1886; x_wconf 88' lang='lat' dir='ltr'><strong>ad</strong></span> <span class='ocrx_word' id='word_1_165' title='bbox 1864 1829 1965 1886; x_wconf 90' lang='lat' dir='ltr'><strong>do-</strong></span> 
     </span>
     <span class='ocr_line' id='line_1_23' title="bbox 279 1909 1964 1986; baseline 0 -19"><span class='ocrx_word' id='word_1_166' title='bbox 279 1909 456 1967; x_wconf 86' lang='lat' dir='ltr'><strong>lorem</strong></span> <span class='ocrx_word' id='word_1_167' title='bbox 486 1910 826 1980; x_wconf 85' lang='lat' dir='ltr'><strong>referuntur,</strong></span> <span class='ocrx_word' id='word_1_168' title='bbox 850 1928 954 1967; x_wconf 90' lang='lat' dir='ltr'><strong>nec</strong></span> <span class='ocrx_word' id='word_1_169' title='bbox 981 1918 1275 1986; x_wconf 86' lang='lat' dir='ltr'><strong>praeterea</strong></span> <span class='ocrx_word' id='word_1_170' title='bbox 1302 1917 1389 1966; x_wconf 89' lang='lat' dir='ltr'><strong>est</strong></span> <span class='ocrx_word' id='word_1_171' title='bbox 1417 1928 1505 1966; x_wconf 85' lang='lat' dir='ltr'><strong>res</strong></span> <span class='ocrx_word' id='word_1_172' title='bbox 1534 1909 1662 1980; x_wconf 89' lang='lat' dir='ltr'><strong>ulla,</strong></span> <span class='ocrx_word' id='word_1_173' title='bbox 1688 1929 1833 1986; x_wconf 86' lang='lat' dir='ltr'><strong>quae</strong></span> <span class='ocrx_word' id='word_1_174' title='bbox 1862 1929 1964 1967; x_wconf 86' lang='lat' dir='ltr'><strong>sua</strong></span> 
     </span>
     <span class='ocr_line' id='line_1_24' title="bbox 281 1989 1964 2066; baseline -0.001 -19"><span class='ocrx_word' id='word_1_175' title='bbox 281 1997 480 2047; x_wconf 84' lang='lat' dir='ltr'><strong>natura</strong></span> <span class='ocrx_word' id='word_1_176' title='bbox 516 1999 617 2047; x_wconf 91' lang='lat' dir='ltr'><strong>aut</strong></span> <span class='ocrx_word' id='word_1_177' title='bbox 654 1990 958 2046; x_wconf 87' lang='lat' dir='ltr'><strong>sollicitare</strong></span> <span class='ocrx_word' id='word_1_178' title='bbox 995 1990 1179 2066; x_wconf 87' lang='lat' dir='ltr'><strong>possit</strong></span> <span class='ocrx_word' id='word_1_179' title='bbox 1217 2001 1316 2046; x_wconf 81' lang='lat' dir='ltr'><strong>aut</strong></span> <span class='ocrx_word' id='word_1_180' title='bbox 1350 2008 1572 2065; x_wconf 86' lang='lat' dir='ltr'><strong>angere.</strong></span> <span class='ocrx_word' id='word_1_181' title='bbox 1657 1994 1751 2047; x_wconf 83' lang='lat'><strong>42.</strong></span> <span class='ocrx_word' id='word_1_182' title='bbox 1796 1989 1964 2047; x_wconf 87' lang='lat' dir='ltr'><strong>Prae-</strong></span> 
     </span>
     <span class='ocr_line' id='line_1_25' title="bbox 277 2069 1960 2146; baseline -0.001 -20"><span class='ocrx_word' id='word_1_183' title='bbox 277 2084 433 2127; x_wconf 85' lang='lat' dir='ltr'><strong>terea.</strong></span> <span class='ocrx_word' id='word_1_184' title='bbox 472 2077 532 2127; x_wconf 90' lang='lat' dir='ltr'><strong>et</strong></span> <span class='ocrx_word' id='word_1_185' title='bbox 571 2070 880 2146; x_wconf 85' lang='lat' dir='ltr'><strong>appetendi</strong></span> <span class='ocrx_word' id='word_1_186' title='bbox 922 2077 982 2127; x_wconf 90' lang='lat' dir='ltr'><strong>et</strong></span> <span class='ocrx_word' id='word_1_187' title='bbox 1022 2069 1346 2145; x_wconf 86' lang='lat' dir='ltr'><strong>refugiendi</strong></span> <span class='ocrx_word' id='word_1_188' title='bbox 1393 2077 1452 2127; x_wconf 91' lang='lat' dir='ltr'><strong>et</strong></span> <span class='ocrx_word' id='word_1_189' title='bbox 1494 2069 1731 2126; x_wconf 91' lang='lat' dir='ltr'><strong>omnino</strong></span> <span class='ocrx_word' id='word_1_190' title='bbox 1773 2089 1960 2126; x_wconf 86' lang='lat' dir='ltr'><strong>rerum</strong></span> 
     </span>
     <span class='ocr_line' id='line_1_26' title="bbox 277 2148 1966 2227; baseline -0.001 -21"><span class='ocrx_word' id='word_1_191' title='bbox 277 2149 650 2226; x_wconf 89' lang='lat' dir='ltr'><strong>gerendarum</strong></span> <span class='ocrx_word' id='word_1_192' title='bbox 683 2149 848 2205; x_wconf 87' lang='lat' dir='ltr'><strong>initia</strong></span> <span class='ocrx_word' id='word_1_193' title='bbox 875 2148 1316 2226; x_wconf 66' lang='lat' dir='ltr'><strong>proficiscuntur</strong></span> <span class='ocrx_word' id='word_1_194' title='bbox 1347 2156 1447 2206; x_wconf 88' lang='lat' dir='ltr'><strong>aut</strong></span> <span class='ocrx_word' id='word_1_195' title='bbox 1474 2168 1506 2205; x_wconf 87' lang='lat' dir='ltr'><strong>a</strong></span> <span class='ocrx_word' id='word_1_196' title='bbox 1535 2149 1831 2227; x_wconf 86' lang='lat' dir='ltr'><strong>voluptate</strong></span> <span class='ocrx_word' id='word_1_197' title='bbox 1864 2157 1966 2206; x_wconf 87' lang='lat' dir='ltr'><strong>aut</strong></span> 
     </span>
     <span class='ocr_line' id='line_1_27' title="bbox 278 2228 1966 2306; baseline -0.001 -20"><span class='ocrx_word' id='word_1_198' title='bbox 278 2249 313 2286; x_wconf 88' lang='lat' dir='ltr'><strong>a</strong></span> <span class='ocrx_word' id='word_1_199' title='bbox 339 2228 551 2287; x_wconf 89' lang='lat' dir='ltr'><strong>dolore.</strong></span> <span class='ocrx_word' id='word_1_200' title='bbox 636 2228 808 2298; x_wconf 80' lang='lat' dir='ltr'><strong>Quod</strong></span> <span class='ocrx_word' id='word_1_201' title='bbox 836 2249 966 2286; x_wconf 91' lang='lat' dir='ltr'><strong>cum</strong></span> <span class='ocrx_word' id='word_1_202' title='bbox 1001 2230 1086 2287; x_wconf 87' lang='lat' dir='ltr'><strong>ita</strong></span> <span class='ocrx_word' id='word_1_203' title='bbox 1117 2230 1211 2300; x_wconf 87' lang='lat' dir='ltr'><strong>sit,</strong></span> <span class='ocrx_word' id='word_1_204' title='bbox 1241 2230 1605 2306; x_wconf 87' lang='lat' dir='ltr'><strong>perspicuum</strong></span> <span class='ocrx_word' id='word_1_205' title='bbox 1636 2237 1740 2301; x_wconf 91' lang='lat' dir='ltr'><strong>est,</strong></span> <span class='ocrx_word' id='word_1_206' title='bbox 1764 2249 1966 2287; x_wconf 85' lang='lat' dir='ltr'><strong>omnes</strong></span> 
     </span>
     <span class='ocr_line' id='line_1_28' title="bbox 277 2309 1965 2387; baseline -0.001 -21"><span class='ocrx_word' id='word_1_207' title='bbox 277 2318 460 2368; x_wconf 82' lang='lat' dir='ltr'><strong>rectas</strong></span> <span class='ocrx_word' id='word_1_208' title='bbox 492 2329 581 2367; x_wconf 88' lang='lat' dir='ltr'><strong>res</strong></span> <span class='ocrx_word' id='word_1_209' title='bbox 613 2318 784 2387; x_wconf 90' lang='lat' dir='ltr'><strong>atque</strong></span> <span class='ocrx_word' id='word_1_210' title='bbox 814 2309 1125 2367; x_wconf 87' lang='lat' dir='ltr'><strong>laudabiles</strong></span> <span class='ocrx_word' id='word_1_211' title='bbox 1159 2329 1229 2367; x_wconf 94' lang='lat' dir='ltr'><strong>eo</strong></span> <span class='ocrx_word' id='word_1_212' title='bbox 1263 2310 1477 2379; x_wconf 85' lang='lat' dir='ltr'><strong>referri,</strong></span> <span class='ocrx_word' id='word_1_213' title='bbox 1502 2317 1568 2367; x_wconf 92' lang='lat' dir='ltr'><strong>ut</strong></span> <span class='ocrx_word' id='word_1_214' title='bbox 1601 2328 1730 2367; x_wconf 91' lang='lat' dir='ltr'><strong>cum</strong></span> <span class='ocrx_word' id='word_1_215' title='bbox 1768 2309 1965 2386; x_wconf 87' lang='lat' dir='ltr'><strong>volup-</strong></span> 
     </span>
     <span class='ocr_line' id='line_1_29' title="bbox 277 2388 1964 2458; baseline -0.001 -11"><span class='ocrx_word' id='word_1_216' title='bbox 277 2397 396 2447; x_wconf 84' lang='lat' dir='ltr'><strong>tate</strong></span> <span class='ocrx_word' id='word_1_217' title='bbox 440 2388 676 2448; x_wconf 84' lang='lat' dir='ltr'><strong>vivatur.</strong></span> <span class='ocrx_word' id='word_1_218' title='bbox 762 2388 1045 2458; x_wconf 81' lang='lat' dir='ltr'><strong>Quoniam</strong></span> <span class='ocrx_word' id='word_1_219' title='bbox 1088 2396 1283 2446; x_wconf 87' lang='lat' dir='ltr'><strong>autem</strong></span> <span class='ocrx_word' id='word_1_220' title='bbox 1320 2389 1381 2445; x_wconf 89' lang='lat' dir='ltr'><strong>id</strong></span> <span class='ocrx_word' id='word_1_221' title='bbox 1419 2398 1506 2447; x_wconf 88' lang='lat' dir='ltr'><strong>est</strong></span> <span class='ocrx_word' id='word_1_222' title='bbox 1544 2388 1630 2446; x_wconf 90' lang='lat' dir='ltr'><strong>vel</strong></span> <span class='ocrx_word' id='word_1_223' title='bbox 1673 2409 1964 2454; x_wconf 87' lang='lat' dir='ltr'><strong>summum</strong></span> 
     </span>
     <span class='ocr_line' id='line_1_30' title="bbox 277 2463 1966 2547; baseline 0.001 -22"><span class='ocrx_word' id='word_1_224' title='bbox 277 2469 366 2527; x_wconf 90' lang='lat' dir='ltr'><strong>vel</strong></span> <span class='ocrx_word' id='word_1_225' title='bbox 407 2469 676 2527; x_wconf 89' lang='lat' dir='ltr'><strong>ultimum</strong></span> <span class='ocrx_word' id='word_1_226' title='bbox 721 2470 806 2526; x_wconf 94' lang='lat' dir='ltr'><strong>vel</strong></span> <span class='ocrx_word' id='word_1_227' title='bbox 849 2469 1167 2527; x_wconf 85' lang='lat' dir='ltr'><strong>extremum</strong></span> <span class='ocrx_word' id='word_1_228' title='bbox 1210 2468 1492 2526; x_wconf 88' lang='lat' dir='ltr'><strong>bonorum</strong></span> <span class='ocrx_word' id='word_1_229' title='bbox 1539 2463 1721 2547; x_wconf 87' lang='lat' dir='ltr'><strong>(quod</strong></span> <span class='ocrx_word' id='word_1_230' title='bbox 1762 2469 1966 2527; x_wconf 81' lang='lat' dir='ltr'><strong>Graeci</strong></span> 
     </span>
     <span class='ocr_line' id='line_1_31' title="bbox 277 2547 1963 2627; baseline -0.001 -21"><span class='ocrx_word' id='word_1_231' title='bbox 277 2552 435 2613; x_wconf 80' lang='grc' dir='ltr'>τέλος</span> <span class='ocrx_word' id='word_1_232' title='bbox 468 2547 817 2625; x_wconf 82' lang='lat' dir='ltr'><strong>nominant),</strong></span> <span class='ocrx_word' id='word_1_233' title='bbox 842 2550 998 2627; x_wconf 89' lang='lat' dir='ltr'><strong>quod</strong></span> <span class='ocrx_word' id='word_1_234' title='bbox 1033 2551 1223 2626; x_wconf 89' lang='lat' dir='ltr'><strong>ipsum</strong></span> <span class='ocrx_word' id='word_1_235' title='bbox 1259 2549 1475 2606; x_wconf 85' lang='lat' dir='ltr'><strong>nullam</strong></span> <span class='ocrx_word' id='word_1_236' title='bbox 1508 2548 1582 2607; x_wconf 88' lang='lat' dir='ltr'><strong>ad</strong></span> <span class='ocrx_word' id='word_1_237' title='bbox 1615 2548 1784 2606; x_wconf 86' lang='lat' dir='ltr'><strong>aliam</strong></span> <span class='ocrx_word' id='word_1_238' title='bbox 1808 2569 1963 2624; x_wconf 73' lang='lat' dir='ltr'><strong>rem,</strong></span> 
     </span>
     <span class='ocr_line' id='line_1_32' title="bbox 278 2629 1964 2702; baseline -0.003 -12"><span class='ocrx_word' id='word_1_239' title='bbox 278 2631 353 2692; x_wconf 84' lang='lat' dir='ltr'><strong>ad</strong></span> <span class='ocrx_word' id='word_1_240' title='bbox 401 2630 461 2688; x_wconf 88' lang='lat' dir='ltr'><strong>id</strong></span> <span class='ocrx_word' id='word_1_241' title='bbox 510 2640 698 2687; x_wconf 89' lang='lat' dir='ltr'><strong>autem</strong></span> <span class='ocrx_word' id='word_1_242' title='bbox 751 2649 840 2687; x_wconf 90' lang='lat' dir='ltr'><strong>res</strong></span> <span class='ocrx_word' id='word_1_243' title='bbox 887 2630 1213 2687; x_wconf 86' lang='lat' dir='ltr'><strong>referuntur</strong></span> <span class='ocrx_word' id='word_1_244' title='bbox 1262 2648 1478 2700; x_wconf 81' lang='lat' dir='ltr'><strong>omneS‚</strong></span> <span class='ocrx_word' id='word_1_245' title='bbox 1512 2629 1814 2687; x_wconf 88' lang='lat' dir='ltr'><strong>fatendum</strong></span> <span class='ocrx_word' id='word_1_246' title='bbox 1859 2639 1964 2702; x_wconf 89' lang='lat' dir='ltr'><strong>est,</strong></span> 
     </span>
     <span class='ocr_line' id='line_1_33' title="bbox 279 2709 1482 2768; baseline -0.001 -1"><span class='ocrx_word' id='word_1_247' title='bbox 279 2729 569 2768; x_wconf 90' lang='lat' dir='ltr'><strong>summum</strong></span> <span class='ocrx_word' id='word_1_248' title='bbox 598 2730 719 2768; x_wconf 89' lang='lat' dir='ltr'><strong>esse</strong></span> <span class='ocrx_word' id='word_1_249' title='bbox 749 2710 964 2767; x_wconf 91' lang='lat' dir='ltr'><strong>bonum</strong></span> <span class='ocrx_word' id='word_1_250' title='bbox 1003 2709 1249 2767; x_wconf 88' lang='lat' dir='ltr'><strong>iucunde</strong></span> <span class='ocrx_word' id='word_1_251' title='bbox 1281 2710 1482 2766; x_wconf 87' lang='lat' dir='ltr'><strong>vivere.</strong></span> 
     </span>
    </p>

    <p class='ocr_par' dir='ltr' id='par_1_3' title="bbox 280 2789 1972 3269">
     <span class='ocr_line' id='line_1_34' title="bbox 360 2789 1966 2867; baseline -0.001 -19"><span class='ocrx_word' id='word_1_252' title='bbox 360 2789 528 2848; x_wconf 92' lang='lat' dir='ltr'><strong>XIII.</strong></span> <span class='ocrx_word' id='word_1_253' title='bbox 574 2790 645 2856; x_wconf 88' lang='lat' dir='ltr'><strong>Id</strong></span> <span class='ocrx_word' id='word_1_254' title='bbox 674 2790 773 2867; x_wconf 91' lang='lat' dir='ltr'><strong>qui</strong></span> <span class='ocrx_word' id='word_1_255' title='bbox 806 2791 865 2847; x_wconf 91' lang='lat' dir='ltr'><strong>in</strong></span> <span class='ocrx_word' id='word_1_256' title='bbox 901 2809 1016 2847; x_wconf 86' lang='lat' dir='ltr'><strong>una</strong></span> <span class='ocrx_word' id='word_1_257' title='bbox 1051 2791 1261 2846; x_wconf 87' lang='lat' dir='ltr'><strong>virtute</strong></span> <span class='ocrx_word' id='word_1_258' title='bbox 1295 2796 1523 2865; x_wconf 88' lang='lat' dir='ltr'><strong>ponunt</strong></span> <span class='ocrx_word' id='word_1_259' title='bbox 1556 2796 1633 2860; x_wconf 87' lang='lat' dir='ltr'><strong>et,</strong></span> <span class='ocrx_word' id='word_1_260' title='bbox 1662 2789 1966 2866; x_wconf 86' lang='lat' dir='ltr'><strong>splendore</strong></span> 
     </span>
     <span class='ocr_line' id='line_1_35' title="bbox 280 2869 1965 2948; baseline -0.001 -20"><span class='ocrx_word' id='word_1_261' title='bbox 280 2870 532 2928; x_wconf 89' lang='lat' dir='ltr'><strong>nominis</strong></span> <span class='ocrx_word' id='word_1_262' title='bbox 556 2872 729 2948; x_wconf 85' lang='lat' dir='ltr'><strong>capti,</strong></span> <span class='ocrx_word' id='word_1_263' title='bbox 756 2871 895 2947; x_wconf 89' lang='lat' dir='ltr'><strong>quid</strong></span> <span class='ocrx_word' id='word_1_264' title='bbox 925 2878 1127 2927; x_wconf 85' lang='lat' dir='ltr'><strong>natura</strong></span> <span class='ocrx_word' id='word_1_265' title='bbox 1162 2869 1430 2947; x_wconf 85' lang='lat' dir='ltr'><strong>postulet,</strong></span> <span class='ocrx_word' id='word_1_266' title='bbox 1455 2888 1571 2925; x_wconf 89' lang='lat' dir='ltr'><strong>non</strong></span> <span class='ocrx_word' id='word_1_267' title='bbox 1606 2869 1965 2946; x_wconf 84' lang='lat' dir='ltr'><strong>intellegunt,</strong></span> 
     </span>
     <span class='ocr_line' id='line_1_36' title="bbox 281 2949 1970 3027; baseline -0.001 -20"><span class='ocrx_word' id='word_1_268' title='bbox 281 2970 466 3007; x_wconf 87' lang='lat' dir='ltr'><strong>errore</strong></span> <span class='ocrx_word' id='word_1_269' title='bbox 501 2952 770 3021; x_wconf 81' lang='lat' dir='ltr'><strong>maximO,</strong></span> <span class='ocrx_word' id='word_1_270' title='bbox 797 2951 844 3008; x_wconf 92' lang='lat' dir='ltr'><strong>si</strong></span> <span class='ocrx_word' id='word_1_271' title='bbox 873 2951 1190 3027; x_wconf 86' lang='lat' dir='ltr'><strong>Epicurum</strong></span> <span class='ocrx_word' id='word_1_272' title='bbox 1223 2950 1420 3007; x_wconf 85' lang='lat' dir='ltr'><strong>audire</strong></span> <span class='ocrx_word' id='word_1_273' title='bbox 1451 2949 1748 3020; x_wconf 85' lang='lat' dir='ltr'><strong>voluerint,</strong></span> <span class='ocrx_word' id='word_1_274' title='bbox 1771 2950 1970 3007; x_wconf 84' lang='lat' dir='ltr'><strong>libera·-</strong></span> 
     </span>
     <span class='ocr_line' id='line_1_37' title="bbox 282 3029 1969 3107; baseline -0.001 -21"><span class='ocrx_word' id='word_1_275' title='bbox 282 3030 510 3088; x_wconf 87' lang='lat' dir='ltr'><strong>buntur.</strong></span> <span class='ocrx_word' id='word_1_276' title='bbox 596 3031 747 3088; x_wconf 85' lang='lat' dir='ltr'><strong>Istae</strong></span> <span class='ocrx_word' id='word_1_277' title='bbox 776 3031 929 3088; x_wconf 93' lang='lat' dir='ltr'><strong>enim</strong></span> <span class='ocrx_word' id='word_1_278' title='bbox 962 3038 1145 3087; x_wconf 84' lang='lat' dir='ltr'><strong>vestra</strong></span> <span class='ocrx_word' id='word_1_279' title='bbox 1175 3031 1415 3087; x_wconf 88' lang='lat' dir='ltr'><strong>eximiae</strong></span> <span class='ocrx_word' id='word_1_280' title='bbox 1449 3029 1834 3107; x_wconf 88' lang='lat' dir='ltr'><strong>pulchraeque</strong></span> <span class='ocrx_word' id='word_1_281' title='bbox 1863 3030 1969 3085; x_wconf 88' lang='lat' dir='ltr'><strong>vir-</strong></span> 
     </span>
     <span class='ocr_line' id='line_1_38' title="bbox 282 3109 1972 3187; baseline -0.001 -20"><span class='ocrx_word' id='word_1_282' title='bbox 282 3118 435 3168; x_wconf 90' lang='lat' dir='ltr'><strong>tutes</strong></span> <span class='ocrx_word' id='word_1_283' title='bbox 474 3111 583 3169; x_wconf 92' lang='lat' dir='ltr'><strong>nisi</strong></span> <span class='ocrx_word' id='word_1_284' title='bbox 616 3111 971 3187; x_wconf 87' lang='lat' dir='ltr'><strong>voluptatem</strong></span> <span class='ocrx_word' id='word_1_285' title='bbox 1011 3109 1314 3179; x_wconf 88' lang='lat' dir='ltr'><strong>efficerent,</strong></span> <span class='ocrx_word' id='word_1_286' title='bbox 1348 3110 1475 3186; x_wconf 91' lang='lat' dir='ltr'><strong>quis</strong></span> <span class='ocrx_word' id='word_1_287' title='bbox 1516 3129 1610 3166; x_wconf 89' lang='lat' dir='ltr'><strong>eas</strong></span> <span class='ocrx_word' id='word_1_288' title='bbox 1647 3118 1747 3167; x_wconf 87' lang='lat' dir='ltr'><strong>aut</strong></span> <span class='ocrx_word' id='word_1_289' title='bbox 1780 3110 1972 3168; x_wconf 84' lang='lat' dir='ltr'><strong>lauda-</strong></span> 
     </span>
     <span class='ocr_line' id='line_1_39' title="bbox 285 3188 1971 3269; baseline 0.001 -22"><span class='ocrx_word' id='word_1_290' title='bbox 285 3190 424 3256; x_wconf 88' lang='lat' dir='ltr'><strong>biles</strong></span> <span class='ocrx_word' id='word_1_291' title='bbox 464 3199 565 3259; x_wconf 81' lang='lat' dir='ltr'><strong>aut</strong></span> <span class='ocrx_word' id='word_1_292' title='bbox 601 3191 950 3269; x_wconf 79' lang='lat' dir='ltr'><strong>expetendas</strong></span> <span class='ocrx_word' id='word_1_293' title='bbox 991 3190 1399 3248; x_wconf 61' lang='lat' dir='ltr'><strong>arbitraretur?</strong></span> <span class='ocrx_word' id='word_1_294' title='bbox 1479 3188 1570 3248; x_wconf 88' lang='lat' dir='ltr'><strong>Ut</strong></span> <span class='ocrx_word' id='word_1_295' title='bbox 1594 3191 1757 3247; x_wconf 83' lang='lat' dir='ltr'><strong>‘euim</strong></span> <span class='ocrx_word' id='word_1_296' title='bbox 1792 3190 1971 3260; x_wconf 54' lang='lat' dir='ltr'><strong>medie</strong></span> 
     </span>
    </p>
   </div>
   <div class='ocr_carea' id='block_1_3' title="bbox 2244 362 2248 959">
    <p class='ocr_par' dir='ltr' id='par_1_4' title="bbox 2244 362 2248 959">
     <span class='ocr_line' id='line_1_40' title="bbox 2244 362 2248 959; baseline 0 0"><span class='ocrx_word' id='word_1_297' title='bbox 2244 362 2248 959; x_wconf 95' lang='lat' dir='ltr'><strong> </strong></span> 
     </span>
    </p>
   </div>
  </div>
 </body>
</html>
