2259 3467
824 96 1505 159 LIB.111.,CAP.1,11.
1949 99 2015 147 83

403 198 480 257 ΙΙ.
517 197 714 275 Atque
756 204 822 255 ut
863 196 1128 253 omittam
1173 195 1277 253 has
1320 201 1469 253 artes
1511 194 1801 270 elegantes
1841 204 1900 254 et
1931 197 2016 255 in-

320 297 554 355 genuas,
576 297 646 334 ne
676 276 910 353 opifices
933 276 1168 354 quidem
1196 275 1347 333 tueri
1368 294 1471 332 sua
1491 274 1731 333 artificia
1757 283 2011 353 possent,

321 359 435 416 nisi
455 356 748 415 vocabulis
775 363 1072 414 uterentur
1091 354 1261 412 nobis
1283 355 1611 432 incognitis,
1635 355 1863 413 usitatis
1885 356 2009 414 sibi.

322 436 476 506 Quin
507 438 682 495 etiam
710 436 835 512 agri
862 435 1100 506 cultura,
1124 453 1269 512 quae
1291 433 1560 492 abhorret
1581 434 1653 492 ab
1683 436 1844 492 omni
1871 435 2015 513 poli-

321 519 471 574 tiore
499 515 798 593 elegantia,
818 522 1010 573 tamen
1041 534 1137 572 eas
1163 532 1270 586 res,
1294 514 1355 571 in
1385 513 1594 591 quibus
1623 522 1891 586 versatur,
1917 534 2016 573 no-

320 596 578 653 minibus
611 595 836 653 notavit
870 595 1048 652 novis.
1133 592 1265 663 Quo
1298 594 1483 668 magis
1511 593 1622 651 hoc
1664 594 2013 686 philosopho

321 675 656 733 faciendum
699 683 819 746 est3
875 693 966 731 ars
1006 681 1094 732 est
1136 674 1291 731 enim
1334 672 1702 751 philosophia
1742 674 1910 747 vitae,
1941 675 2014 732 de

322 774 438 831 qua
470 755 753 813 disserens
784 753 1030 831 arripere
1059 753 1231 811 verba
1259 753 1330 810 de
1351 754 1483 810 foro
1510 772 1627 810 non
1663 760 1871 831 potest.
1958 761 2011 813 5.

322 833 686 911 Quamquam
722 853 793 890 ex
834 833 1103 890 omnibus
1144 831 1507 911 philosophis
1547 832 1729 891 Stoici
1767 834 2016 910 plurima

322 919 694 985 novaverant,
716 913 999 1005 Zenoque,
1019 932 1219 970 eorum
1242 912 1524 990 princepS,
1545 931 1659 969 non
1683 921 1800 969 tam
1826 932 2014 978 rerum

321 995 591 1051 inventor
616 958 745 1050 fuit
761 1011 931 1070 quam
962 992 1263 1049 verborum
1297 1010 1593 1049 novorum.
1678 990 1849 1061 Quod
1878 993 1926 1050 si
1954 993 2028 1050 in·
2079 1039 2122 1048 ..

322 1092 391 1131 ea
431 1072 641 1149 lingva,
665 1092 837 1149 quam
879 1071 1139 1149 plerique
1177 1070 1498 1128 uberiorem
1543 1078 1767 1148 putant,
1792 1091 2017 1130 conces-

323 1172 451 1210 sum
487 1159 591 1223 est,
611 1159 678 1210 ut
710 1152 1030 1209 doctissimi
1066 1151 1330 1209 homines
1357 1151 1430 1208 de
1471 1150 1640 1208 rebus
1672 1170 1788 1209 non
1824 1171 2016 1228 perva-

323 1232 475 1308 gatis
502 1232 791 1289 inusitatis
819 1230 1006 1289 verbis
1035 1237 1347 1302 uterentur,
1369 1238 1586 1308 quanto
1613 1232 1676 1288 id
1705 1232 1872 1289 nobis
1902 1251 2016 1290 ma-

323 1312 416 1388 gis
445 1319 532 1369 est
561 1311 1011 1380 concedendum,
1038 1312 1138 1388 qui
1172 1331 1240 1368 ea
1270 1330 1423 1368 nunc
1456 1311 1708 1388 primum
1738 1311 2016 1370 audemus

323 1392 645 1468 attingere?
725 1390 804 1448 Et
846 1391 1118 1468 quoniam
1168 1410 1337 1468 saepe
1378 1390 1646 1461 diximus,
1678 1398 1738 1449 ct
1780 1391 2014 1468 quidem

323 1490 456 1529 eum
485 1470 677 1548 aliqua
698 1471 926 1548 querela
953 1489 1069 1527 non
1096 1470 1445 1528 Graecorum
1469 1470 1663 1542 mod0,
1688 1470 1788 1528 sed
1815 1490 2011 1529 eorum

323 1551 518 1622 etiam,
541 1551 640 1628 qui
667 1570 728 1608 se
754 1550 1003 1608 Graecos
1029 1551 1229 1642 magis·
1245 1568 1413 1627 quam
1445 1558 1674 1607 nostros
1702 1549 1898 1608 haberi
1919 1570 2017 1608 vo-

324 1631 468 1701 lunt,
494 1650 601 1688 nos
643 1649 757 1688 non
797 1630 978 1688 modo
1016 1648 1136 1687 non
1177 1630 1330 1687 vinci
1372 1649 1405 1687 a
1445 1629 1677 1687 Graecis
1710 1629 2011 1687 verborum

322 1711 509 1789 copia,
534 1710 634 1768 sed
668 1729 789 1768 esse
829 1710 891 1767 in
927 1729 993 1767 ea
1034 1710 1207 1767 etiam
1244 1709 1579 1787 superioreS,
1603 1708 2012 1767 elaborandum

323 1799 430 1861 est,
453 1798 520 1849 ut
540 1790 650 1848 hoc
680 1809 795 1848 non
825 1790 882 1847 in
914 1790 1125 1847 nostris
1148 1789 1332 1847 solum
1363 1788 1596 1860 artibus,
1621 1788 1722 1846 sed
1751 1789 1923 1846 etiam
1955 1789 2014 1846 in

322 1870 600 1929 illorum
583 1889 839 1947 ipsorum
870 1888 1254 1947 assequamur.
1339 1867 1700 1944 Quamquam
1729 1888 1798 1926 ea
1825 1869 2011 1941 verba,

325 1950 535 2028 quibus
560 1950 831 2008 instituto
857 1956 1114 2007 veterum
1151 1949 1370 2006 utimur
1396 1967 1502 2026 pro
1534 1948 1771 2020 Latinis,
1795 1956 1862 2007 ut
1888 1949 2015 2025 ipsa

322 2029 708 2108 philosophia,
728 2036 796 2087 ut
816 2028 1115 2099 rhetorica,
1139 2028 1452 2100 dialectiea,
1471 2029 1862 2105 grammatica,
1882 2048 2015 2105 geo-

322 2110 546 2180 metria,
564 2110 799 2180 musica,
826 2128 1171 2186 quamquam
1217 2108 1418 2166 Latine
1461 2128 1527 2165 ea
1567 2108 1686 2166 dici
1726 2115 2010 2186 poterant,

320 2195 537 2261 tamen,
563 2189 836 2267 quoniam
871 2208 977 2246 usu
1009 2196 1283 2266 percepta
1314 2195 1465 2260 sunt,
1489 2194 1685 2246 nostra
1717 2188 2009 2247 ducamus,

321 2269 523 2346 Atque
563 2268 702 2327 haec
745 2268 979 2346 quidem
1021 2268 1094 2326 de
1141 2287 1331 2325 rerum
1373 2267 1720 2326 nominibus.
1824 2275 1876 2326 6.
1920 2268 2013 2327 De

321 2349 465 2426 ipsis
500 2348 666 2406 rebus
694 2356 885 2406 autem
921 2366 1349 2425 saepenumerO,
1373 2347 1572 2419 Brute,
1593 2365 1805 2419 vereor,
1827 2367 1899 2406 ne
1932 2367 2014 2406 re-

322 2427 660 2506 prehendar,
685 2447 815 2486 cum
852 2426 990 2485 haec
1024 2426 1098 2484 ad
1126 2433 1185 2485 te
1220 2427 1481 2496 scribam,
1506 2428 1605 2504 qui
1639 2446 1771 2485 cum
1798 2428 1859 2484 in
1889 2427 2014 2504 phi·

321 2508 605 2585 losophia,
628 2516 754 2565 tum
783 2507 840 2564 in
874 2506 1099 2583 optimo
1120 2525 1329 2583 genere
1357 2506 1756 2585 philosophiae
1785 2513 2010 2564 tanturn

320 2587 680 2664 processeris,
764 2585 937 2655 Quod
966 2587 1015 2643 si
1041 2587 1288 2644 facerem
1316 2587 1479 2664 quasi
1506 2594 1565 2644 te
1594 2586 2012 2657 erudienS,iure

322 2666 782 2742 reprehenderer.
867 2666 980 2724 Sed
1016 2666 1088 2724 ab
1122 2685 1193 2723 co
1227 2666 1538 2744 plurimum
1575 2667 1776 2723 absum
1807 2685 2009 2743 neque,

321 2753 390 2803 ut
411 2765 479 2803 ea
499 2765 826 2823 cognoscaS,
844 2765 988 2823 quae
1009 2744 1119 2804 tibi
1144 2746 1442 2803 notissima
1464 2753 1614 2814 sunt,
1638 2746 1710 2803 ad
1740 2754 1799 2804 te
1820 2746 2009 2818 mitto,

322 2825 425 2883 sed
461 2825 596 2902 quia
626 2824 899 2883 facillime
930 2826 992 2882 in
1035 2826 1272 2883 nomine
1305 2833 1408 2882 tuo
1443 2826 1740 2901 acquiesco
1786 2833 1845 2884 et
1879 2826 2014 2903 quia

320 2911 382 2962 te
423 2904 610 2982 habeo
642 2905 1049 2982 aequissimum
1093 2924 1294 2962 eorum
1328 2904 1667 2975 studiorum,
1690 2924 1833 2981 quae
1867 2905 2013 2963 mihi

319 2984 654 3041 communia
698 2991 889 3042 tecum
947 2990 1097 3055 sunt,
1129 2984 1580 3041 existimatorem
1636 2990 1695 3039 et
1741 2984 2008 3042 iudicem.

319 3064 613 3121 Attendes
645 3064 839 3141 igitur,
864 3071 931 3123 ut
972 3063 1136 3135 soleS,
1161 3062 1482 3137 diligenter,
1509 3060 1748 3137 eamque
1790 3070 2014 3119 contro-

322 3143 567 3202 versiam
609 3143 966 3216 diiudicabis,
1004 3162 1149 3221 quae
1193 3140 1341 3199 mihi
1387 3139 1503 3197 fuit
1550 3158 1683 3197 cum
1731 3139 2012 3198 avunculo

962 3328 991 3364 7
