2259 3467
251 112 318 159 20
420 110 518 159 DE
551 109 840 159 FINIBUS
872 109 1226 161 BONORUM
1260 111 1353 160 ΕΤ
1385 110 1764 163 MALORUM.

250 218 453 269 natura
494 211 739 283 divitias,
773 210 980 289 quibus
1022 218 1295 269 contenta
1335 212 1425 283 sit,
1458 220 1515 270 et
1555 213 1838 291 parabiles
1878 221 1938 273 et

249 292 583 350 terminatas
626 256 830 362 hab⁷et3
874 292 1130 349 inanium
1172 298 1364 350 autem
1403 293 1787 371 cupiditatum
1831 314 1937 353 nec

249 372 458 430 modus
487 371 634 429 ullus
664 391 765 429 nec
793 370 966 429 finis
951 372 1196 429 inveniri
1224 379 1432 449 potest.

330 452 497 511 XIV.
581 457 677 510 46.
721 451 894 521 Quod
926 452 974 510 si
1008 453 1185 510 vitam
1221 471 1451 509 omnem
1495 453 1815 528 perturbari
1855 455 1938 512 vi-

250 532 454 591 demus
474 552 660 591 errore
688 539 748 590 et
768 532 1083 603 inscientia,
1107 531 1562 609 sapientiamque
1591 552 1711 591 esse
1734 534 1932 606 solam,

251 633 396 690 quae
437 633 543 671 nos
575 633 609 670 a
642 612 947 671 libidinum
988 613 1213 689 impetu
1250 619 1308 671 et
1341 631 1376 669 a
1407 612 1784 670 formidinum
1826 622 1936 672 ter-

248 712 376 751 rore
408 694 660 751 vindicet
694 702 752 751 et
779 693 960 770 ipsius
988 692 1257 750 fortunae
1289 692 1515 750 modice
1548 693 1697 750 ferre
1731 694 1936 753 doceat

251 772 485 831 iniurias
517 781 574 831 et
604 793 804 831 omnes
837 779 1119 832 monstret
1148 774 1283 843 vias,
1310 792 1453 849 quae
1486 772 1559 829 ad
1591 772 1841 849 quietem
1876 782 1936 832 et

249 853 722 932 tranquillitatem
770 854 976 925 ferant,
1009 852 1148 931 quid
1193 859 1296 923 est,
1332 872 1433 910 cur
1474 852 1805 910 dubitemus
1852 854 1935 911 di-

212 952 391 1004 .cere,
427 942 485 992 et
526 935 864 1011 sapientiam
910 941 1147 1012 propter
1188 932 1511 1010 voluptates
1553 934 1933 1010 expetendam

249 1020 309 1071 et
349 1014 737 1091 insipientiam
780 1022 1017 1093 propter
1057 1013 1348 1071 molestias
1389 1032 1511 1071 csse
1558 1012 1934 1090 fugiendam&

250 1093 345 1152 47.
403 1094 733 1172 Eademque
794 1097 1015 1152 ratione
1074 1114 1148 1152 ne
1202 1093 1638 1171 temperantiam
1698 1094 1934 1170 quidem

250 1181 486 1251 propter
511 1194 571 1231 se
598 1175 978 1252 expetendam
1006 1193 1126 1233 esse
1156 1175 1427 1246 dicemus,
1450 1173 1551 1231 sed
1572 1174 1706 1250 quia
1732 1194 1933 1251 pacem

250 1254 458 1311 animis
489 1255 690 1312 afferat.
721 1263 781 1313 et
813 1274 912 1312 eos
941 1256 1103 1332 quasi
1136 1256 1443 1313 concordia
1471 1254 1716 1331 quadam
1748 1254 1933 1331 placet

251 1353 316 1391 ac
345 1334 533 1392 leniat.
616 1333 1022 1412 Temperantia
1052 1342 1140 1393 est
1167 1336 1338 1405 enim,
1364 1354 1525 1413 quae,
1549 1336 1610 1392 in
1638 1334 1807 1392 rebus
1833 1342 1934 1393 aut

251 1414 585 1490 expetendis
643 1422 745 1472 aut
797 1415 1092 1491 fugiendis
1150 1423 1218 1473 ut
1273 1417 1551 1473 rationem
1609 1434 1929 1491 sequamur,

249 1500 463 1551 monet.
535 1493 657 1552 Nec
685 1495 837 1553 enim
868 1497 1006 1552 satis
1032 1503 1120 1553 est
1145 1496 1412 1567 iudicare,
1434 1495 1574 1573 quid
1601 1495 1931 1553 faciendum

251 1593 368 1630 non
402 1573 799 1633 faciendumve
833 1576 924 1648 sit,
956 1576 1056 1633 sed
1088 1582 1238 1634 stare
1278 1576 1449 1633 etiam
1486 1583 1716 1653 oportet
1749 1577 1805 1632 in
1842 1595 1929 1647 eo,

252 1653 410 1731 quod
451 1654 527 1711 sit
567 1654 897 1714 iudicatum.
982 1655 1251 1733 Plerique
1292 1664 1502 1727 autem,
1540 1656 1695 1733 quod
1738 1663 1931 1713 tenere

251 1742 423 1811 atque
461 1754 679 1793 servare
712 1736 789 1807 id,
816 1736 968 1813 quod
1003 1737 1116 1813 ipsi
1150 1743 1488 1807 statuerunt,
1518 1755 1635 1793 nou
1671 1743 1928 1814 possunt,

251 1815 390 1872 victi
427 1822 486 1873 et
518 1816 817 1888 debilitati,
851 1816 1075 1874 obiecta
1115 1817 1304 1893 specie
1339 1816 1665 1892 voluptatiS,
1695 1816 1933 1874 tradunt

253 1914 312 1952 se
353 1895 688 1953 libidinibus
734 1897 1212 1973 constringendos
1258 1915 1380 1968 nec,
1413 1897 1551 1973 quid
1592 1904 1931 1954 eventurum

253 1974 346 2043 sit,
380 1975 700 2051 provident,
732 1975 806 2033 ob
849 1995 1088 2053 eamque
1129 1996 1358 2033 causam
1400 1984 1636 2053 propter
1674 1976 1933 2053 volupta-

251 2060 371 2111 tem
401 2062 460 2112 et
488 2074 715 2131 parvam
747 2062 805 2113 et
832 2075 948 2116 11011
977 2057 1368 2126 necessariam,
1393 2064 1452 2114 et
1479 2076 1625 2133 quae
1653 2056 1740 2114 vel
1770 2057 1933 2114 aliter

253 2142 547 2212 pararetur
587 2142 644 2192 et
678 2154 792 2212 qua
832 2136 1006 2193 etiam
1048 2155 1237 2194 carere
1276 2144 1512 2213 possent
1553 2137 1673 2193 sine
1715 2136 1929 2207 dolore,

253 2220 379 2271 tum
414 2214 475 2271 111
507 2214 740 2272 morbos
772 2234 987 2292 graveS,
1012 2223 1137 2273 tum
1172 2217 1230 2273 in
1266 2216 1492 2286 damna,
1516 2223 1641 2273 tum
1677 2216 1736 2273 in
1766 2216 1934 2274 dede-

254 2313 388 2351 cora
434 2294 747 2366 incurrunt,
793 2314 960 2372 saepe
1013 2296 1187 2353 etiam
1238 2295 1428 2372 legum
1477 2296 1934 2373 iudiciorumque

254 2374 457 2451 poenis
497 2339 840 2452 obligantur.
926 2381 1019 2434 48.
1065 2376 1179 2446 Qui
1220 2384 1413 2433 autem
1456 2376 1539 2434 ita
1578 2376 1695 2434 frui
1734 2373 1935 2433 volunt

254 2454 662 2531 voluptatibuS,
695 2462 758 2512 ut
792 2454 934 2512 nulli
972 2464 1209 2534 propter
1249 2476 1343 2513 eas
1384 2464 1805 2534 consequantur
1837 2456 1937 2513 do-

254 2533 417 2606 10168,
454 2542 512 2592 et
554 2535 656 2612 qui
697 2555 865 2592 suum
905 2536 1184 2593 iudicium
1226 2537 1492 2607 retinent,
1527 2556 1600 2594 ne
1641 2535 1936 2613 voluptate

203 2685 207 2689 ,
254 2614 393 2672 victi
426 2615 642 2672 faciant
679 2616 757 2687 id,
790 2616 947 2692 quod
984 2617 1235 2674 sentiant
1270 2635 1388 2673 non
1427 2636 1548 2674 esse
1585 2616 1934 2686 faciendum,

254 2694 299 2751 ii
352 2694 706 2771 voluptatem
762 2696 1072 2753 maximam
1128 2697 1527 2774 adipiscuntui
1584 2696 1938 2773 praetermit-

255 2774 431 2831 tenda
467 2775 775 2853 voluptate.
861 2776 1046 2833 Iidem
1089 2777 1264 2834 etiam
1307 2776 1561 2834 dolorem
1608 2795 1774 2852 saepe
1817 2795 1939 2852 per-

256 2854 568 2930 petiuntur,
589 2875 677 2926 ne,
698 2858 742 2914 si
775 2857 837 2914 id
864 2876 982 2913 non
1009 2857 1243 2928 faciant,
1266 2856 1525 2914 incidant
1552 2856 1611 2914 in
1641 2856 1935 2914 maiorem.

257 2935 344 2991 Ex
379 2954 493 3012 quo
526 2936 892 3014 intellegitur,
922 2956 1026 2994 nec
1064 2937 1564 3014 intemperantiam
1603 2943 1839 3014 propter
1879 2955 1939 2993 se

258 3033 379 3071 esse
419 3014 755 3091 fugiendam
797 3017 1352 3109 temperantiamque
1393 3016 1789 3094 expetendam,
1821 3035 1938 3073 non

256 3094 395 3234 {luia
433 3096 757 3174 voluptates
797 3096 1004 3174 fugiat,
1035 3095 1137 3154 sed
1177 3097 1311 3174 quia
1350 3097 1594 3155 maiores
1635 3115 1939 3175 consequa-

286 3192 353 3232 111·
