2259 3467
212 90 246 141 4
377 89 476 140 DE
509 90 799 140 FINIBUS
832 90 1190 139 BONORUM
1223 90 1316 139 ΕΤ
1350 91 1731 142 MALORUM.

213 191 516 249 hominum
558 191 757 250 studia·
791 191 1029 261 videl-,er
1065 193 1309 250 retinere
1358 212 1475 251 non
1517 213 1699 271 posse.
1786 193 1900 264 Qui

213 278 423 342 autem,
456 273 503 328 si
539 272 787 329 maxime
819 271 929 329 hoc
962 272 1200 349 placeat,
1226 273 1577 331 moderatius
1610 281 1801 332 tamen
1838 274 1899 332 id

214 351 416 410 volunt
443 350 582 423 fieri,
607 348 894 409 difficilem
921 352 1207 430 quandam
1239 354 1675 449 temperantiam
1705 362 1902 432 postu-

215 430 377 489 lant'
361 451 420 489 1u
445 451 531 504 e0,
550 430 706 510 quod
736 431 908 489 semel
932 432 1242 489 admissum
1275 434 1526 492 coerceri
1553 435 1901 512 reprimique

215 530 330 569 non
354 518 580 589 potest;
619 519 682 569 ut
703 511 1124 589 propemodum
1155 512 1489 570 iustioribus
1510 521 1741 573 utamur
1769 515 1897 585 inis,

214 592 311 669 qui
343 591 583 649 omnino
617 600 859 649 avocent
884 612 919 649 a
947 591 1329 669 philosophia,
1355 613 1525 670 quam
1555 593 1661 665 his,
1688 595 1785 672 qui
1821 615 1902 652 re-

216 671 321 730 bus
350 671 589 730 infinitis
617 672 858 729 modum
880 673 1238 730 constituant
1264 673 1325 729 in
1348 693 1520 751 reque
1548 693 1617 731 eo
1645 674 1898 746 meliore,

214 772 330 845 quo
374 752 558 810 maior
599 752 691 824 sit,
728 752 1185 810 mediocritatem
1229 753 1570 812 desidelffent
1672 761 1725 813 3.
1767 754 1901 812 Sive

213 832 367 890 enim
410 832 484 890 ad
526 833 864 910 sapientiam
914 833 1200 910 perveniri
1241 840 1449 910 potest,
1489 853 1607 891 non
1648 835 1903 926 paranda

215 912 382 970 nobis
430 912 614 970 solum
665 933 748 983 ea,
779 913 879 971 sed
927 913 1176 971 fruenda
1222 913 1396 971 etiam
1447 921 1572 986 est3
1623 915 1741 972 sive
1789 914 1902 972 hoc

214 991 444 1051 difficile
478 1000 581 1064 est,
611 1000 804 1051 tamen
839 1012 943 1051 nee
976 993 1187 1050 modus
1220 1002 1307 1051 est
1337 993 1484 1051 ullus
1516 995 1902 1071 investigandi

214 1073 349 1145 veri,
368 1072 479 1131 nisi
498 1073 798 1143 inveneris,
815 1080 874 1130 et
896 1073 1206 1150 quaerendi
1224 1073 1566 1150 defetigatio
1588 1076 1774 1152 turpis
1795 1083 1899 1147 est,

214 1171 347 1211 cum
379 1152 458 1225 id,
484 1153 640 1231 quod
675 1153 980 1230 quaeritur,
1011 1154 1087 1211 sit
1119 1153 1585 1231 pulcherrimum.
1669 1155 1901 1213 Etenim

215 1232 264 1291 si
296 1231 662 1305 delectamur,
693 1253 822 1291 cum
859 1232 1177 1326 scribimus,
1211 1234 1339 1311 quis
1378 1242 1465 1293 est
1498 1242 1616 1293 tam
1652 1235 1899 1306 invidus,

215 1313 316 1391 qui
348 1311 420 1371 ab
454 1332 523 1371 eo
557 1333 664 1371 nos
696 1312 983 1371 abducat?
1023 1316 1111 1371 sin
1146 1312 1487 1384 laboramuS,
1514 1315 1642 1394 quis
1675 1322 1778 1387 est,
1803 1317 1903 1393 qui

215 1393 431 1452 alienae
464 1393 701 1451 modum
739 1400 953 1451 statuat
982 1393 1337 1453 industriae?
1417 1394 1570 1452 Nam
1606 1403 1670 1453 ut
1696 1394 1904 1454 Teren-

215 1474 407 1532 tianus
434 1473 710 1531 Chremes
738 1492 855 1531 non
885 1472 1251 1547 inhumanus,
1276 1474 1376 1553 qui
1404 1494 1619 1533 novum
1649 1475 1900 1534 vicinum

215 1572 332 1612 non
362 1553 484 1612 vult

475 1664 672 1716 Fodere
693 1674 781 1715 aut
802 1682 943 1716 arare
964 1675 1050 1716 aut
1074 1666 1263 1731 aliquid
1286 1666 1413 1717 ferre
1435 1665 1645 1731 denique

218 1782 360 1863 (non
391 1789 543 1847 enim
572 1788 733 1847 illum
765 1788 836 1847 ab
866 1787 1166 1861 industria,
1193 1789 1293 1847 sed
1321 1788 1393 1846 ab
1422 1788 1684 1849 illiberali
1711 1789 1907 1849 labore

217 1868 508 1946 deterret),
527 1869 607 1926 sic
636 1869 733 1927 isti
755 1869 981 1941 curiosi,
1001 1889 1146 1947 quos
1174 1869 1420 1927 offendit
1441 1877 1638 1929 noster
1664 1871 1905 1930 minime

217 1948 386 2007 nobis
413 1948 761 2006 iniucundus
788 1948 964 2007 labor.

297 2027 375 2087 ΙΙ.
459 2033 513 2087 4.
558 2027 640 2086 Iis
676 2027 856 2105 igitur
895 2035 984 2086 est
1017 2027 1307 2086 difficilius
1342 2029 1684 2101 satisfacere,
1712 2030 1812 2108 qui
1845 2049 1907 2088 se

218 2108 425 2167 Latina
464 2108 678 2187 scripta
718 2108 921 2166 dieunt
961 2115 1345 2168 contemnere.
1432 2108 1500 2167 In
1544 2109 1754 2187 quibus
1793 2110 1908 2169 hoc

217 2189 469 2267 primum
500 2196 603 2259 est,
627 2189 688 2246 in
711 2208 827 2267 quo
855 2188 1119 2259 admirer,
1141 2208 1242 2247 cur
1268 2189 1328 2247 in
1356 2189 1709 2266 gravissimis
1736 2190 1908 2249 rebus

219 2288 336 2327 non
370 2268 616 2327 delectet
656 2288 755 2327 eos
796 2288 984 2327 sermo
1019 2270 1256 2346 patriuS,
1286 2289 1418 2328 cum
1453 2270 1632 2328 iidem
1667 2269 1909 2329 fabellas

220 2349 453 2408 Latinas
499 2348 572 2406 ad
613 2348 849 2407 verbum
892 2368 924 2407 e
965 2349 1200 2407 Graecis
1238 2369 1531 2428 expressas
1577 2369 1695 2408 non
1738 2350 1909 2408 inviti

221 2429 429 2507 legant.
514 2427 656 2521 Quis
689 2430 844 2487 enim
872 2436 990 2488 tam
1025 2430 1299 2488 inimicus
1330 2449 1510 2507 paene
1545 2430 1767 2488 nomini
1794 2430 1911 2489 Ro-

222 2528 393 2567 mano
427 2515 531 2581 est,
557 2509 657 2587 qui
689 2508 865 2568 Ennii
892 2509 1157 2568 Medeam
1191 2517 1292 2568 aut
1318 2510 1639 2586 Antiopam
1670 2510 1910 2570 Pacuvii

223 2596 452 2669 spernat
480 2596 580 2647 aut
612 2588 824 2660 reiciat,
849 2588 1008 2667 quod
1036 2609 1095 2647 se
1128 2590 1332 2648 iisdem
1369 2589 1665 2667 Euripidis
1695 2589 1912 2649 fabulis

223 2670 491 2729 delectari
519 2670 690 2741 dicat,
714 2669 948 2729 Latinas
975 2670 1195 2729 litteras
1222 2670 1451 2728 oderit?
1532 2669 1913 2747 Synephebos

223 2770 349 2829 ego,
392 2750 600 2829 inquit,
642 2750 841 2828 potius
888 2749 1123 2808 Caecilii
1176 2757 1278 2809 aut
1324 2749 1606 2808 Andriam
1655 2749 1911 2809 Terentii

225 2850 395 2909 quam
425 2839 727 2908 utramque
754 2830 1057 2889 Menandri
1083 2830 1310 2907 legam?
1385 2836 1437 2888 5.
1473 2830 1532 2887 A
1554 2830 1763 2908 quibus
1789 2837 1914 2888 tan-

224 2919 349 2969 tum
380 2910 672 2982 dissentio,
695 2919 779 2983 ut,
803 2929 933 2969 cum
965 2910 1282 2988 Sophocles
1308 2909 1398 2968 vel
1426 2911 1645 2988 optime
1680 2910 1917 2987 scripse·

224 2992 301 3050 rit
333 2990 637 3061 Electram,
666 2998 859 3049 tamen
898 2990 1045 3048 male
1087 3009 1417 3048 conversam
1452 2990 1622 3048 Atilii
1660 2989 1805 3048 mihi
1840 2991 1917 3048 le-

224 3071 473 3149 gendam
523 3077 763 3148 putem3
814 3071 886 3128 de
930 3090 1043 3148 quo
1086 3070 1357 3141 Licinius,
1378 3070 1639 3144 ferreum
1684 3076 1917 3144 scripto-

225 3171 342 3211 rem
358 3171 384 3226 ,·
431 3170 645 3225 verum,
676 3151 900 3230 opinor,
931 3151 1267 3227 scriptorem
1303 3157 1515 3223 tamen,
1540 3158 1605 3210 ut
1638 3150 1918 3230 legendus
