2259 3467
799 111 939 161 ΜΒ.
970 96 1029 172 1.,
1059 111 1216 160 CAP.
1248 110 1507 159 v11.-IX.
1942 112 2002 158 13

314 218 516 276 solent.
603 222 695 273 28.
733 215 882 273 Tum
911 215 1273 293 Torquatus:
1311 215 1571 286 Prorsus,
1592 215 1798 293 inquit,
1818 234 2003 272 assen-

313 300 461 370 tior3
505 316 689 374 neque
731 297 886 354 enim
928 296 1211 372 disputari
1253 296 1374 353 sine
1410 295 1866 372 reprehensione,
1897 314 2002 352 nec

313 399 444 436 cum
481 377 775 435 iracundia
808 383 908 434 aut
940 376 1258 454 pertinacia
1289 383 1440 434 recte
1475 376 1757 451 disputari
1790 382 1998 452 potest.

314 459 430 517 Sed
463 458 538 516 ad
579 458 735 527 haec,
768 457 877 513 nisi
915 456 1226 514 molestum
1268 464 1369 527 est,
1402 455 1585 513 habeo
1629 474 1773 532 quae
1812 455 1999 513 velim.

314 539 411 596 An
456 557 566 609 me,
598 537 850 614 inquam,
883 537 992 594 nisi
1038 543 1095 593 te
1140 536 1339 593 audire
1368 535 1595 606 vellum,
1628 555 1821 594 censes
1863 535 2002 593 haec

314 619 603 677 dicturum
661 617 876 674 fuisse?
957 616 1177 676 Utrum
1233 617 1410 693 igitur
1462 616 1715 693 percurri
1771 635 2001 673 omnem

314 698 550 776 Epicuri
611 698 976 775 disciplinam
1037 696 1242 773 placet,
1283 715 1355 753 an
1413 696 1483 753 de
1540 715 1655 753 una
1709 696 2003 773 voluptate

314 779 525 856 quaeri,
557 777 629 836 de
679 797 793 856 qua
837 796 1008 835 omne
1057 785 1342 835 certamen
1395 778 1519 834 est?
1599 776 1727 834 Tuo
1766 796 1900 833 vero
1942 776 2004 834 id

315 859 566 936 quidem,
612 859 866 935 inquam,
903 857 1196 916 arbitratu.
1285 856 1381 914 Sic
1424 857 1633 914 faciam
1685 857 1878 933 igitur,
1922 856 2003 913 in-

316 940 473 1015 quit:
519 958 694 996 unam
741 957 862 995 rem
908 937 1207 1014 explicabo
1258 956 1498 1014 eamque
1542 937 1889 1008 maximam;
1932 936 2005 994 de

316 1019 570 1095 physicis
599 1017 769 1088 alias3
806 1025 866 1075 et
895 1018 1126 1096 quidem
1151 1017 1260 1075 tibi
1288 1024 1347 1075 et
1368 1016 1810 1075 declinationem
1835 1017 2001 1074 istam

315 1107 640 1156 atomorum
671 1105 730 1156 et
758 1098 1217 1174 magnitudinem
1248 1098 1383 1155 solis
1411 1097 1686 1175 probabO,
1708 1104 1767 1155 et
1794 1097 2006 1154 Demo-

317 1180 445 1237 criti
479 1186 663 1237 errata
702 1178 775 1236 ab
813 1178 1066 1255 Epicuro
1108 1177 1450 1255 reprehensa
1487 1186 1547 1236 et
1589 1185 1842 1236 correcta
1883 1197 2005 1255 per-

315 1259 514 1318 multa.
587 1259 645 1316 N
648 1279 757 1317 une
786 1258 971 1317 dicam
998 1259 1070 1316 de
1093 1258 1405 1336 voluptate,
1430 1258 1574 1315 nihil
1605 1258 1822 1316 scilicet
1849 1258 2002 1331 novi,

315 1360 382 1399 ea
410 1348 621 1409 tamen,
648 1359 792 1417 quae
820 1347 878 1397 te
914 1340 1100 1416 ipsum
1138 1339 1514 1416 probaturum
1544 1358 1667 1397 esse
1699 1338 2002 1398 confidam.

315 1421 502 1492 Certe,
528 1421 782 1498 inquam,
801 1421 1062 1497 pertinax
1096 1438 1210 1476 non
1235 1438 1332 1477 ero
1361 1419 1601 1497 tibique,
1627 1420 1676 1477 si
1706 1419 1849 1476 mihi
1877 1439 2007 1496 pro·

315 1500 480 1558 babis
537 1520 618 1572 ea,
658 1520 804 1578 quae
847 1500 1018 1568 diceS,
1056 1499 1302 1557 libenter
1354 1500 1644 1557 assentiar.
1731 1505 1824 1557 29.
1869 1499 2007 1557 Pro·

314 1580 485 1652 babo,
509 1581 717 1657 inquit,
745 1580 918 1637 modo
948 1581 1063 1637 ista
1091 1580 1169 1636 sis
1197 1580 1502 1656 aequitate,
1529 1599 1702 1656 quam
1731 1580 2003 1638 ostendis

318 1660 434 1718 Sed
477 1660 563 1717 uti
610 1660 867 1717 oratione
912 1667 1190 1735 perpetua
1238 1658 1390 1716 malo
1434 1679 1603 1736 quam
1657 1660 2007 1735 interrogare

316 1746 421 1797 aut
468 1739 823 1814 interrogari.
908 1738 997 1797 Ut
1037 1738 1242 1815 placet,
1283 1739 1534 1816 inquam.
1619 1738 1771 1797 Tum
1819 1739 2008 1797 dicere

320 1838 556 1877 exorsus
584 1824 686 1876 est.

399 1898 507 1957 IX.
551 1898 816 1958 Primum
851 1897 1045 1975 igitur,
1078 1898 1283 1975 inquit,
1315 1898 1396 1956 sic
1430 1917 1614 1975 agam,
1640 1905 1706 1956 ut
1739 1898 1849 1976 ipsi
1883 1918 2009 1957 auc-

316 1979 431 2037 tori
486 1978 659 2036 huius
713 1978 1047 2056 disciplinae
1095 1979 1317 2055 placet·
1362 1979 1727 2050 constituam,
1768 1979 1909 2055 quid
1950 1987 2009 2038 et

318 2059 485 2137 quale
513 2059 589 2117 sit
616 2059 695 2129 id,
715 2058 787 2116 de
817 2078 931 2151 quo
963 2059 1304 2136 quaerimuS,
1325 2078 1442 2116 non
1472 2078 1587 2136 quo
1617 2060 1879 2136 ignorare
1907 2080 2009 2117 vos

317 2139 573 2209 arbitrer,
599 2101 726 2197 sed
722 2147 787 2196 ut
810 2139 1030 2197 ratione
1053 2147 1112 2197 et
1135 2140 1227 2196 via
1253 2139 1528 2216 procedat
1557 2140 1757 2197 oratio,
1827 2139 2008 2209 Quae-

317 2221 498 2277 rimus
532 2220 725 2297 igitur,
765 2220 906 2297 quid
948 2220 1030 2276 sit
1065 2227 1387 2277 extremum
1429 2226 1487 2277 et
1528 2220 1796 2277 ultimum
1833 2219 2007 2278 bono-

318 2319 463 2372 rum,
505 2300 662 2377 quod
717 2299 977 2357 omnium
1034 2298 1512 2377 philosophorum
1562 2300 1848 2358 sententia
1895 2301 2008 2358 tale

318 2380 492 2437 debet
525 2399 662 2451 esse,
693 2387 759 2437 ut
799 2380 874 2437 ad
919 2379 980 2436 id
1023 2379 1219 2436 omnia
1259 2380 1458 2437 referri
1505 2388 1785 2458 oporteat,
1816 2380 2006 2458 ipsum

317 2467 511 2519 autem
540 2479 839 2537 nusquam.
926 2459 1058 2516 Hoc
1088 2459 1370 2536 Epicurus
1400 2460 1459 2516 in
1490 2459 1785 2538 voluptate
1819 2461 2004 2538 ponit,

319 2540 474 2616 quod
519 2558 806 2597 summum
854 2538 1069 2596 bonum
1116 2559 1237 2597 esse
1275 2540 1400 2597 vult
1444 2559 1848 2618 summumque
1894 2560 2008 2598 ma—

318 2619 436 2676 lum
467 2618 760 2690 dolorcm3
806 2618 978 2696 idque
1009 2619 1263 2677 instituit
1291 2619 1496 2677 docere
1525 2620 1640 2678 sic:
1687 2626 1778 2677 30.
1817 2619 2006 2679 Omne

317 2699 544 2769 animal,
571 2699 740 2756 simul
777 2706 949 2776 atque
985 2707 1183 2757 natum
1217 2699 1309 2770 sit,
1333 2699 1691 2776 voluptatem
1737 2708 2006 2777 appetere

318 2798 495 2856 eaque
543 2779 792 2856 gaudere
835 2787 900 2836 ut
944 2798 1172 2836 summo
1217 2779 1389 2850 bono,
1421 2779 1679 2837 dolorem
1718 2781 2003 2855 aspernari

318 2866 383 2916 ut
419 2878 706 2917 summum
753 2859 964 2916 malum
1001 2865 1075 2928 et,
1109 2867 1389 2936 quantum
1431 2860 1630 2936 possit,
1663 2879 1697 2916 a
1730 2879 1789 2916 se
1830 2860 2008 2937 repel-

317 2937 651 3016 lere,-idque
692 2940 881 2996 facere
914 2938 1175 2996 nondum
1216 2939 1605 3016 depravatum,
1639 2939 1763 3017 ipsa
1805 2950 2007 2998 natura

317 3018 646 3095 incorrupte
701 3026 873 3096 atque
922 3018 1147 3094 integre
1194 3018 1500 3075 iudicante.
1589 3018 1792 3097 Itaque
1833 3027 2007 3097 negat

317 3117 464 3175 opus
512 3118 633 3156 esse
679 3099 901 3155 ratione
955 3117 1143 3175 neque
1192 3098 1599 3174 disputatione,
1633 3100 2006 3176 quamobrem

316 3177 582 3255 voluptas
638 3178 976 3255 expetenda,
1021 3177 1334 3254 fugiendus
1389 3178 1557 3236 dolor
1617 3180 1706 3237 sit.
1793 3180 2006 3247 Sentiri

476 3265 509 3314 2
