2259 3467
238 120 334 170 112
401 121 500 170 DE
534 121 823 170 FINIBUS
856 118 1210 170 BONORUM
1242 117 1336 168 ET
1369 119 1752 170 MALORUM.

236 220 426 269 tionem
463 221 597 270 enim
632 221 866 269 vitiorum
903 220 1011 269 fleri
1049 220 1267 270 ostendit
1294 217 1362 282 (c.
1401 222 1483 280 23,
1511 219 1614 281 24).
1653 218 1754 268 *m
1790 218 1923 281 quod

236 286 392 334 virtus
412 301 629 334 crescere
648 301 744 334 uon
769 301 913 348 posse
935 285 1143 345 dicatur,
1163 295 1215 334 et
1233 286 1345 334 ideo
1368 286 1538 334 omnia
1553 285 1675 332 vitia
1696 284 1925 347 aequalia

237 365 358 410 esse,
382 354 543 412 potius
565 367 631 400 ex
658 351 1010 414 inaequalitate
1036 351 1271 399 vitiorum
1299 350 1530 399 concludi
1555 350 1749 410 debere,
1770 350 1924 397 virtu-

236 423 338 465 tem
368 431 586 466 crescere
611 416 679 478 (c.
703 418 808 479 24).
881 418 945 465 In
972 416 1062 464 has
1087 431 1261 465 omnes
1294 416 1549 477 angustias
1579 415 1773 464 Stoicos
1799 414 1924 463 inci-

236 481 355 529 dere
393 489 590 544 propter
625 481 889 542 gloriosam
935 482 1331 530 ostentationem.
1417 482 1550 530 Nam
1586 480 1693 529 tolli
1727 480 1813 528 illa
1847 495 1924 528 ra-

236 547 371 595 tione
394 547 554 595 officia
572 556 623 595 et
640 547 770 595 vitae
791 547 1051 607 actionem,
1073 555 1128 594 ut
1144 547 1209 595 ab
1231 546 1495 607 Aristone3
1529 546 1615 594 sed
1630 546 1923 594 Aristonem

236 612 507 673 simplicius
545 626 704 672 agere,
735 612 931 661 Stoicos
971 622 1169 661 versute
1206 610 1441 660 inducere
1483 611 1615 660 aliis·
1638 610 1922 659 nominibus

234 676 442 724 eandem
482 677 825 738 differentiam,
850 690 1000 739 quam
1035 685 1225 726 veteres
1261 676 1512 725 tenuerint
1536 676 1600 737 (c.
1620 678 1719 738 25).
1792 676 1922 724 Pro-

235 741 442 801 egmeua
466 742 552 789 illa
567 751 618 790 et
641 742 1035 804 apoproe'gmena
1055 742 1230 790 eodem
1255 741 1365 789 loco
1396 741 1580 799 haberi,
1601 755 1701 803 quo
1719 740 1785 789 ab
1806 741 1921 788 Ari-

236 807 410 855 stotele
436 817 486 855 et
517 808 693 856 ceteris
730 807 953 855 Platonis
983 807 1203 855 alumnis
1230 807 1361 855 bona
1392 807 1608 868 corporis
1634 816 1686 854 et
1710 816 1921 854 externa

237 874 300 932 (c.
324 871 427 933 26).
501 873 782 930 l’aradoxa,
817 872 858 920 si
896 874 1008 935 quis
1044 873 1248 935 propius
1282 871 1545 934 aspexerit,
1573 870 1697 919 nihil
1738 872 1921 920 habere

234 936 538 986 admirabile.
609 938 816 998 Similia,
847 937 1028 1000 quibus
1063 937 1233 985 omnia
1271 946 1475 997 peccata
1511 936 1650 999 paria
1695 950 1804 984 esse
1836 936 1921 985 de-

233 1011 545 1061 monstretur,
567 1002 823 1050 dissimilia
844 1017 953 1050 esse
976 1002 1042 1062 (c.
1064 1003 1170 1063 27).
1233 1002 1452 1052 Omnino
1481 1002 1673 1051 Stoicos
1696 1002 1922 1050 maxime

234 1082 295 1179 po
322 1068 440 1115 vitio
467 1069 640 1129 premi,
667 1067 801 1131 quod
827 1068 950 1115 duas
977 1067 1252 1117 contrarias
1285 1068 1555 1117 sententias
1588 1066 1812 1116 obtinere
1835 1082 1920 1115 ve-

254 1132 326 1180 int
350 1133 412 1195 (c.
436 1135 539 1193 28).
1047 1136 1055 1145 “
1818 1154 1822 1158 >

315 1258 360 1317 Ι.
449 1265 500 1318 1.
546 1260 705 1329 Quae
726 1280 857 1319 cum
879 1260 1135 1333 dixisset,
1158 1260 1331 1320 finem
1361 1261 1473 1320 ille.
1537 1261 1665 1338 Ego
1686 1267 1922 1320 autem:

233 1339 323 1397 Ne
358 1346 439 1411 tu,
470 1341 723 1418 inquam,
749 1341 913 1413 Cato,
944 1341 1056 1399 ista
1088 1342 1422 1420 exposuisti,
1447 1349 1513 1400 ut
1552 1348 1673 1399 tam
1715 1340 1916 1412 multa,

232 1421 580 1492 memoriter,
623 1428 688 1479 ut
742 1428 865 1479 tam
918 1421 1174 1493 obscura,
1211 1421 1478 1481 dilucide.
1517 1472 1526 1479 .
1564 1420 1768 1499 Itaque
1814 1428 1919 1480 aut

233 1500 570 1558 omitt-amus
603 1508 804 1559 contra
837 1501 1075 1559 omnino
1107 1501 1248 1560 velle
1281 1501 1499 1579 aliquid
1528 1508 1628 1560 aut
1662 1501 1918 1579 spatium

233 1600 526 1639 sumamus
559 1581 633 1639 ad
667 1582 1075 1659 cogitandum3
1118 1590 1238 1640 tam
1275 1582 1427 1641 enim
1458 1577 1780 1658 diligenter,
1813 1581 1920 1639 eti·

231 1661 376 1718 amsi
420 1661 610 1719 minus
660 1681 787 1719 vere
829 1657 988 1737 (nam
1039 1662 1300 1720 nondum
1339 1662 1401 1720 id
1445 1662 1678 1739 quidem
1726 1661 1916 1719 audeo

232 1738 464 1818 dicere),
496 1742 597 1800 sed
642 1748 832 1799 tamen
888 1750 1149 1800 accurate
1197 1762 1314 1799 non
1364 1742 1538 1800 modo
1588 1742 1913 1812 fundatam,

232 1839 425 1878 verum
475 1822 645 1880 etiam
695 1828 1012 1880 extructam
1059 1822 1424 1897 disciplinam
1463 1841 1580 1880 non
1616 1830 1703 1880 est
1743 1820 1916 1880 facile

231 1901 564 1977 perdiscere.
650 1902 799 1960 Tum
846 1902 974 1960 ille:
1016 1901 1153 1960 Ain’
1200 1902 1471 1961 tandem?
1511 1903 1736 1981 inquit3
1778 1921 1916 1959 cum

231 2000 341 2057 ego
374 1988 433 2038 te
467 1982 572 2039 hac
608 2001 755 2039 nova
795 1982 921 2059 lege
949 1982 1172 2040 videam
1221 1982 1425 2040 eodem
1459 1983 1554 2041 die
1596 1982 1916 2040 accusatori

230 2061 574 2137 respondere
608 2069 666 2119 et
693 2061 877 2120 tribus
905 2062 1061 2120 horis
1088 2082 1367 2140 perorare,
1391 2063 1452 2120 in
1483 2062 1587 2120 hac
1615 2081 1709 2120 me
1743 2081 1916 2120 causa

229 2146 461 2218 tempus
508 2141 818 2200 dilaturum
868 2144 1076 2219 putas?
1117 2162 1262 2220 quae
1303 2149 1494 2201 tamen
1541 2162 1574 2200 a
1614 2149 1674 2201 te
1711 2150 1915 2219 agetur

229 2240 346 2277 non
377 2220 593 2293 melior,
620 2240 787 2299 quam
827 2222 956 2281 illae
988 2230 1139 2293 sunt,
1165 2242 1308 2301 quas
1338 2222 1629 2281 interdum
1666 2222 1909 2288 obtines,

230 2299 417 2368 Quare
445 2300 617 2358 istam
640 2321 868 2380 quoque
891 2303 1217 2380 aggredere,
1243 2309 1543 2361 tractatam
1573 2303 1907 2380 praesertim

229 2389 288 2437 et
332 2381 404 2438 ab
449 2381 575 2438 aliis
608 2389 668 2440 et
715 2402 751 2440 a
781 2390 840 2440 te
886 2382 1012 2460 ipso
1054 2402 1238 2461 saepe,
1271 2389 1337 2441 ut
1384 2382 1493 2441 tibi
1548 2382 1744 2440 deesse
1793 2401 1909 2439 non

227 2461 413 2538 possit
461 2462 661 2520 oratio.
763 2469 817 2520 2.
861 2461 1012 2520 Tum
1061 2482 1204 2540 ego:
1264 2462 1400 2521 Non
1448 2460 1787 2533 mehercule,
1828 2462 1914 2519 in-

229 2560 418 2618 quam,
444 2540 598 2599 soleo
632 2549 845 2600 temere
879 2550 1079 2601 contra
1111 2542 1355 2613 Stoicos
1379 2562 1495 2601 non
1526 2561 1641 2620 quo
1670 2541 1783 2599 illis
1815 2541 1913 2599 ad-

229 2621 467 2680 modum
513 2623 802 2689 assentiar‚
835 2622 935 2680 sed
982 2622 1204 2699 pudore
1241 2623 1561 2700 impedior;
1604 2622 1689 2679 ita
1727 2621 1915 2679 multa

227 2701 445 2774 dicunt,
470 2721 615 2780 quae
647 2702 743 2760 vix
776 2702 1122 2778 intellegam.
1208 2701 1481 2773 Obscura,
1512 2702 1718 2779 inquit,
1744 2720 1914 2779 quae·-

227 2780 358 2858 dam
396 2801 517 2839 esse
550 2780 859 2854 confiteor3
902 2799 1008 2839 nec
1044 2789 1238 2839 tamen
1273 2782 1346 2839 ab
1378 2782 1492 2840 illis
1525 2782 1607 2839 ita
1639 2781 1913 2839 dicuntur

227 2859 300 2915 de
328 2860 624 2930 industria,
649 2862 750 2919 sed
775 2862 926 2918 inest
948 2861 1006 2917 in
1029 2860 1198 2918 rebus
1227 2862 1369 2939 ipsis
1397 2862 1729 2919 obscuritas,
1792 2860 1913 2919 Cur

225 2937 404 3011 igitur
442 2941 669 2996 easdem
702 2959 807 3010 rea,
840 2941 1092 3016 inquam,
1123 2940 1527 3016 Peripateticis
1563 2940 1908 3011 dicentibuS,

227 3014 460 3071 verbum
511 3018 729 3074 nullum
781 3027 883 3089 est,
921 3019 1076 3095 quod
1125 3038 1245 3076 non
1293 3021 1693 3097 intellegatur?
1775 3020 1911 3077 Eas-

227 3092 432 3150 demne
477 3098 601 3152 res?
640 3097 863 3174 inquit3
907 3117 975 3153 an
1023 3117 1225 3175 parum
1272 3100 1529 3169 disserui,
1560 3119 1679 3157 non
1722 3100 1910 3158 verbis

226 3170 454 3228 Stoicos
495 3192 529 3229 a
559 3174 974 3251 PeripateticiS,
1006 3177 1106 3233 sed
1141 3179 1402 3236 universa
1441 3200 1502 3237 re
1535 3187 1594 3237 et
1627 3186 1754 3237 tota
1786 3199 1910 3237 sen-
