2259 3467
207 93 305 141 170
376 90 477 140 DE
509 89 801 140 FINIBUS
832 89 1187 142 BONORUM
1219 91 1314 140 ET
1346 90 1726 143 MALORUM.

207 190 521 268 requirunt.
607 189 700 248 57.
746 189 949 269 Itaque
982 198 1048 248 ut
1082 191 1324 269 quisque
1358 193 1579 269 optime
1612 206 1783 252 natus
1817 195 1901 253 in··

208 271 558 350 stitutusque
598 277 702 339 est,
734 271 1126 328 esseomnino
1160 272 1310 330 nolit
1349 272 1410 329 in
1446 274 1580 344 vita,
1612 273 1660 330 si
1701 294 1901 351 geren-

207 351 298 409 dis
331 351 581 428 negotiis
614 350 846 409 orbatus
878 352 1064 429 possit
1104 352 1484 429 paratissimis
1517 354 1671 411 vesci
1700 355 1900 433 volup-

207 429 440 489 tatibus·
526 431 677 489 Nam
719 438 820 489 aut
859 425 1129 509 privatim
1172 432 1391 509 aliquid
1432 452 1628 509 gerere
1673 435 1901 493 malunt

208 517 325 583 aut,
351 510 451 589 qui
478 511 679 569 altiore
707 511 901 568 animo
935 518 1086 582 sunt,
1113 520 1422 589 capessunt
1448 532 1568 571 rem
1603 513 1896 590 publicam

208 590 523 648 honoribus
555 591 925 668 imperiisque
958 591 1360 669 adipiscendis,
1397 599 1498 650 aut
1528 600 1688 651 totos
1729 614 1790 652 se
1825 596 1902 653 ad

208 671 401 729 studia
421 671 714 742 doctrinae
742 670 1082 744 conferunt3
1127 690 1242 749 qua
1263 673 1324 730 in
1348 673 1466 730 vita
1486 680 1715 731 tantum
1738 674 1902 733 abest

208 758 275 809 ut
293 752 617 829 voluptates
638 758 1051 823 consectentur,
1073 752 1246 809 etiam
1267 771 1444 825 curas,
1466 752 1898 828 sollicitudines,

209 830 434 909 vigilias
467 831 780 912 perferunt,
805 832 1140 910 optimaque
1169 840 1331 909 parte
1359 832 1631 906 hominis,
1656 851 1803 912 quae
1836 835 1900 892 in

209 912 379 969 nobis
407 911 602 970 divina
629 911 892 969 ducenda
923 917 1027 984 est,
1051 913 1272 988 ingenii
1306 920 1367 971 et
1394 914 1606 972 mentis
1633 915 1755 972 acie
1780 915 1903 973 fru-

210 1000 399 1063 untur,
423 1010 528 1051 nec
570 990 925 1069 voluptatem
966 993 1321 1070 requirentes
1361 1011 1467 1073 nec
1498 994 1793 1071 fugientes
1825 994 1904 1053 la-

211 1071 447 1145 borem3
505 1090 611 1131 nec
665 1091 800 1131 vero
854 1072 1249 1133 intermittunt
1302 1081 1404 1131 aut
1457 1073 1902 1134 admirationem
1989 1119 1993 1123 -

210 1171 404 1210 earum
433 1170 640 1224 rerum,
665 1170 810 1229 quae
838 1160 973 1211 suut
1000 1152 1073 1210 ab
1100 1153 1358 1231 antiquis
1382 1161 1657 1231 repertae,
1688 1162 1790 1213 aut
1817 1156 1905 1213 in·
1938 1191 1946 1199 ·

211 1232 648 1308 vestigationem
676 1250 987 1304 novarum3
1032 1251 1149 1310 quo
1178 1234 1372 1292 studio
1400 1253 1532 1292 cum
1561 1236 1754 1293 satiari
1784 1255 1903 1293 non

210 1319 471 1390 possunt,
494 1312 756 1370 omnium
784 1319 1100 1370 ceterarum
1129 1333 1318 1372 rerum
1349 1314 1516 1372 obliti
1543 1314 1689 1372 nihil
1718 1315 1905 1374 abiec-

211 1401 356 1464 tum,
379 1391 525 1450 nihil
558 1391 776 1451 humile
808 1393 1100 1470 cogitant3
1143 1401 1419 1471 tantaque
1452 1402 1540 1453 est
1572 1396 1660 1453 vis
1692 1395 1906 1454 talibus

212 1472 275 1531 in
307 1472 530 1545 studiis,
553 1480 621 1532 ut
652 1492 751 1532 eos
792 1473 985 1543 etiam,
1011 1477 1108 1551 qui
1143 1474 1255 1531 sibi
1296 1474 1440 1532 alios
1479 1484 1906 1553 proposuerunt

212 1552 355 1611 fines
381 1552 684 1625 bonorum,
709 1572 856 1631 quos
887 1554 1139 1612 utilitate
1170 1561 1273 1612 aut
1300 1553 1597 1632 voluptate
1620 1555 1901 1632 dirigunt,

212 1641 406 1692 tamen
454 1636 517 1691 in
565 1633 735 1692 rebus
786 1634 1124 1711 quaerendis
1168 1633 1634 1713 explicandisque
1681 1637 1905 1696 naturis

214 1721 429 1773 aetates
457 1721 748 1773 conterere
770 1714 1081 1772 videamus,

293 1794 464 1853 XXI.
564 1801 657 1853 58.
709 1794 864 1871 Ergo
919 1793 1031 1852 hoc
1086 1794 1320 1872 quidem
1377 1802 1630 1873 apparet,
1666 1815 1774 1855 nos
1828 1797 1906 1856 ad

215 1874 499 1951 agendum
531 1893 654 1934 esse
676 1881 857 1933 natos
934 1874 1253 1933 Actionum
1275 1882 1465 1934 autem
1490 1895 1700 1953 genera
1719 1878 1903 1955 plura,

216 1964 284 2012 ut
328 1953 704 2013 obscurentur
756 1955 933 2014 etiam
982 1954 1297 2013 maioribus
1350 1956 1589 2028 minora,
1620 1958 1906 2017 maximae

216 2040 409 2093 autem
443 2042 577 2093 sunt
609 2035 879 2113 primum,
905 2040 972 2093 ut
1003 2035 1151 2093 mihi
1186 2035 1419 2113 quidem
1453 2036 1681 2095 videtur
1720 2045 1780 2096 et
1812 2038 1903 2111 iis,

218 2133 644 2192 quorum,nunc
676 2115 737 2173 iu
770 2115 995 2173 ratione
1022 2135 1329 2186 versamur,
1359 2116 1743 2176 consideratio
1772 2137 1908 2196 cog-

216 2195 478 2272 nitioque
517 2213 706 2253 rerum
742 2194 1071 2254 caelestium
1115 2203 1178 2254 et
1208 2215 1421 2268 earum,
1453 2215 1594 2274 quas
1634 2217 1670 2254 a
1700 2204 1910 2256 natura

218 2274 530 2334 occultatas
569 2282 630 2333 et
670 2274 912 2334 latentes
954 2275 1227 2353 indagare
1266 2276 1414 2334 ratio
1455 2284 1665 2354 potest,
1696 2277 1909 2337 deinde

217 2374 404 2414 rerum
448 2354 803 2432 publicarum
851 2356 1275 2414 administratio
1318 2364 1421 2415 aut
1463 2356 1909 2416 administrandi

219 2435 474 2507 scientia,
502 2442 630 2494 tum
672 2436 940 2513 prudens,
969 2443 1305 2514 temperata,
1329 2436 1517 2509 fortia,
1547 2437 1699 2496 iusta
1737 2439 1905 2511 rati0,

219 2516 582 2594 reliquaeque
610 2516 849 2575 virtutes
881 2523 942 2574 et
974 2518 1229 2575 actiones
1255 2516 1567 2576 virtutibus
1594 2536 1910 2595 congruen-

219 2603 324 2668 tes,
356 2615 501 2673 quae
544 2615 661 2654 uno
698 2595 874 2654 verbo
918 2597 1205 2674 complexi
1249 2598 1446 2655 omnia
1488 2597 1733 2656 honesta
1772 2598 1911 2656 dici-

219 2694 378 2748 mus3
421 2676 493 2733 ad
524 2694 766 2753 quorum
796 2683 856 2735 et
882 2677 1273 2754 cognitionem
1304 2685 1363 2735 et
1383 2697 1548 2736 usum
1579 2678 1693 2736 iam
1723 2697 1913 2737 corro-

220 2753 428 2827 borati,
451 2762 656 2813 natura
685 2756 812 2832 ipsa
839 2755 1543 2833 praeeunteJdeducimur.
1628 2757 1912 2818 Omnium

223 2833 377 2892 enim
412 2853 600 2891 rerum
639 2835 921 2913 principia
959 2855 1136 2912 parva
1176 2844 1327 2916 sunt,
1359 2838 1460 2896 sed
1494 2837 1612 2896 suis
1651 2857 1915 2916 progres-

224 2905 484 2969 sionibus
527 2932 629 2970 usa
672 2921 987 2990 augentur3
1037 2935 1144 2973 nec
1190 2917 1313 2975 siue
1362 2936 1563 2988 causa;
1613 2918 1674 2976 in
1720 2919 1913 2996 primo

225 2990 376 3047 euim
409 2998 540 3048 ortu
566 2992 716 3049 inest
742 2994 1014 3052 teneritas
1035 3014 1100 3052 ac
1122 2996 1367 3054 mollitia
1389 2998 1686 3075 quaedam,
1711 3006 1779 3057 ut
1805 3018 1915 3058 nec

226 3086 316 3123 res
342 3068 534 3125 videre
564 3071 813 3146 optimas
835 3091 939 3131 nec
960 3092 1127 3150 agere
1149 3076 1389 3151 possint.
1475 3077 1729 3136 Virtutis
1756 3080 1914 3138 enim

226 3144 538 3222 beataeque
570 3150 738 3221 vitae,
771 3169 914 3227 quae
956 3152 1072 3211 duo
1112 3156 1363 3214 maxime
1396 3159 1718 3234 expetenda
1758 3167 1916 3234 sunt,
