2259 3467
280 126 344 172 22
450 122 547 171 DE
581 123 874 174 FINIBUS
908 123 1258 174 BONORUM
1293 125 1386 174 ΕΤ
1418 125 1797 175 MALORUM.

281 245 451 305 quam
479 233 670 283 tamen
700 225 762 283 id
791 226 1042 285 confidet
1069 228 1195 284 fore
1224 246 1449 304 semper
1477 227 1783 286 oecultum.
1843 228 1973 287 Ple-

279 326 520 384 rumque
544 306 934 384 improborum
960 308 1114 364 faeta
1138 308 1326 384 primo
1355 308 1605 385 suspicio
1629 308 1966 386 insequitur,

279 386 412 444 dein
449 405 634 444 sermo
672 393 844 464 atque
877 387 1051 457 fama,
1076 396 1209 445 tum
1250 398 1559 459 aecusator,
1591 395 1716 445 tum
1757 389 1968 461 iudex3

279 466 448 524 multi
477 467 669 537 etiam,
692 474 758 524 ut
788 474 845 525 te
874 467 1122 538 consule,
1149 467 1260 545 ipsi
1291 487 1350 526 se
1380 468 1792 527 indicaverunt.
1872 475 1966 526 51.

279 545 451 616 Quod
479 547 526 604 si
558 546 657 624 qui
685 547 824 604 satis
857 547 968 604 sibi
995 556 1196 605 eontra
1226 548 1524 606 hominum
1558 549 1970 607 conscientiam

278 627 460 704 saepti
503 646 624 685 esse
665 633 724 685 et
766 628 976 684 muniti
1015 628 1298 700 videntur,
1330 628 1568 686 deorum
1611 636 1804 686 tamen
1843 628 1971 686 hor-

278 718 421 778 rent,
447 726 652 786 easque
680 707 835 784 ipsas
863 708 1293 780 sollieitudineS,
1320 708 1529 785 quibus
1557 727 1754 766 eorum
1790 708 1969 765 animi

279 800 590 866 noctesque
645 789 881 866 diesque
935 788 1273 860 exeduntur,
1312 809 1349 847 a
1400 790 1491 847 dis
1543 786 1965 850 immortalibus

275 868 546 945 supplicii
575 887 745 926 eausa
771 869 1070 946 importari
1094 875 1317 946 putant.
1402 868 1562 938 Quae
1582 877 1776 928 autem
1804 879 1967 931 tanta

279 966 350 1004 ex
383 948 663 1025 improbis
691 948 861 1006 factis
893 949 967 1006 ad
999 949 1341 1006 minuendas
1369 949 1519 1007 vitae
1554 950 1844 1009 molestias
1876 972 1965 1010 ae-

279 1028 460 1085 eessio
509 1036 704 1105 potest
751 1028 890 1099 fieri,
928 1037 1143 1105 quanta
1188 1029 1263 1086 ad
1307 1030 1614 1106 augendas,
1648 1050 1777 1088 eum
1828 1050 1965 1089 eon-

279 1107 517 1166 scientia
536 1108 843 1179 factorum,
866 1116 990 1165 tum
1014 1128 1200 1185 poena
1225 1108 1419 1185 legum
1443 1109 1964 1187 odioque-civium?

276 1187 355 1245 Et
388 1195 578 1244 tamen
618 1189 675 1244 in
713 1187 1055 1264 quibusdam
1090 1207 1276 1265 neque
1317 1189 1593 1265 pecuniae
1634 1190 1843 1247 modus
1878 1197 1968 1248 est

277 1285 462 1343 neque
494 1266 728 1324 honoris
756 1286 941 1343 neque
968 1267 1196 1344 imperii
1225 1287 1329 1325 nee
1358 1267 1665 1327 libidinum
1694 1288 1799 1327 nee
1833 1288 1968 1346 epu-

279 1346 457 1403 larum
486 1365 588 1404 nee
618 1345 961 1423 reliquarum
985 1347 1389 1424 cupiditatum,
1412 1349 1735 1425 quasnulla
1756 1350 1969 1426 praeda

278 1445 551 1503 umquam
575 1426 837 1503 improbe
859 1434 1022 1503 parta
1041 1428 1271 1499 minuit,
1295 1429 1604 1506 potiusque
1627 1429 1963 1501 inflammat,

272 1515 343 1563 ut
377 1507 681 1564 coercendi
714 1507 899 1583 magis
928 1526 1099 1584 quam
1131 1508 1456 1567 dedocendi
1490 1528 1611 1566 esse
1646 1510 1961 1568 videantur.

278 1592 371 1644 52.
411 1586 627 1645 Invitat
655 1587 832 1663 igitur
861 1606 991 1644 vera
1013 1588 1166 1645 ratio
1197 1587 1340 1645 bene
1368 1608 1537 1647 sanos
1563 1590 1636 1647 ad
1667 1590 1963 1661 iustitiam,

275 1668 642 1744 aequitatem,
667 1666 856 1726 fidem.
927 1667 1132 1745 Neque
1161 1668 1387 1726 homini
1415 1669 1627 1726 infanti
1654 1676 1755 1727 aut
1783 1670 1966 1746 impo-

274 1749 421 1806 tenti
456 1748 666 1806 iuiuste
700 1748 855 1807 facta
891 1749 1242 1819 conducunt,
1268 1749 1367 1826 qui
1403 1763 1506 1807 ue‘e
1540 1749 1707 1807 faeile
1745 1749 1965 1808 efficere

274 1829 474 1905 possit,
513 1828 671 1905 quod
717 1836 972 1897 conetur,
1017 1848 1121 1887 nee
1174 1829 1450 1900 obtinere,
1496 1829 1545 1887 si
1591 1830 1860 1900 effecerit,
1906 1839 1966 1888 et

275 1928 415 1985 opes
451 1909 538 1965 vel
570 1908 837 1966 fortunae
871 1909 959 1965 vel
993 1909 1215 1985 ingenii
1249 1908 1577 1967 liberalitati
1610 1910 1796 1986 magis
1832 1929 1966 1967 eon-

272 1988 529 2058 veniunt,
567 2007 681 2067 qua
724 1988 824 2064 qui
871 1996 1130 2059 utuntur,
1168 1988 1624 2047 benevolentiam
1675 1990 1786 2048 sibi
1833 2009 1967 2047 eon·

274 2066 473 2125 ciliant
506 2074 580 2139 et,
607 2067 761 2144 quod
790 2068 1152 2144 aptissimum
1184 2076 1271 2126 est
1304 2069 1378 2126 ad
1408 2070 1601 2147 quiete
1634 2070 1961 2142 vivendum,

275 2147 588 2219 caritatem,
625 2147 959 2224 praesertim
1008 2167 1139 2206 eum
1184 2149 1423 2205 omnino
1472 2149 1630 2207 nulla
1678 2150 1754 2208 sit
1795 2169 1965 2208 causa

271 2227 566 2305 peccandi.
636 2233 730 2284 53.
763 2226 922 2296 Quae
950 2228 1102 2285 enim
1133 2229 1479 2305 cupiditates
1506 2249 1540 2287 a
1568 2238 1768 2288 natura
1796 2230 1965 2307 profi-

273 2308 580 2379 ciscuntur,
616 2306 786 2365 facile
834 2308 1136 2385 explentur
1190 2310 1311 2367 sine
1360 2309 1476 2367 ulla
1524 2310 1767 2382 iniuria3
1817 2330 1964 2388 quae

273 2395 466 2448 autern
496 2387 694 2445 inanes
721 2395 871 2459 sunt,
893 2389 964 2446 iis
993 2389 1309 2466 parendum
1339 2409 1453 2446 non
1479 2391 1776 2461 est;‚nihil
1808 2391 1963 2448 enim

274 2466 648 2526 desiderabile
702 2469 1132 2545 concupiscunt,
1178 2469 1421 2547 plusque
1473 2471 1535 2527 in
1584 2471 1709 2547 ipsa
1756 2471 1965 2528 iniuria

274 2547 606 2605 detrimenti
648 2557 735 2605 est
769 2568 941 2626 quam
982 2550 1043 2606 in
1077 2550 1150 2607 iis
1190 2549 1791 2623 rebusemolumenti,
1817 2569 1963 2628 quae

273 2627 575 2704 pariuntur
602 2629 823 2687 iniuria.
906 2628 1108 2706 Itaque
1138 2649 1210 2687 ne
1240 2630 1517 2687 iustitiam
1548 2630 1781 2707 quidem
1812 2639 1963 2688 reete

274 2708 403 2785 quis
435 2707 644 2766 dixerit
677 2728 780 2785 per
811 2728 871 2766 se
904 2709 1089 2786 ipsam
1119 2709 1451 2787 optabilem,
1477 2711 1578 2768 sed
1607 2711 1741 2787 quia
1767 2711 1965 2768 iueun-

275 2787 473 2845 ditatis
511 2788 597 2845 vel
632 2789 943 2865 plurimum
983 2790 1200 2848 afferat.
1286 2789 1438 2847 Nam
1473 2790 1637 2867 diligi
1676 2799 1734 2848 et
1768 2810 1962 2848 earum

273 2887 395 2926 esse
422 2868 735 2927 iucundum
767 2877 853 2927 est
880 2877 1201 2946 propterea,
1228 2871 1362 2947 quia
1389 2871 1661 2929 tutiorem
1693 2871 1867 2930 vitam
1905 2879 1964 2928 et

273 2947 629 3024 voluptatem
685 2949 1000 3026 pleniorem
1050 2949 1239 3008 efficit.
1342 2949 1544 3028 Itaque
1597 2970 1714 3008 non
1772 2952 1847 3008 ob
1897 2971 1965 3009 ea

274 3027 456 3085 solum
498 3028 882 3097 incommoda,
915 3048 1058 3106 quae
1101 3030 1374 3088 eveniunt
1411 3031 1707 3108 improbiS,
1740 3032 1964 3108 fugien-

273 3106 404 3164 dam
437 3108 868 3186 improbitatem
896 3116 1185 3185 putamus‚
1211 3110 1312 3167 sed
1339 3110 1524 3168 multo
1553 3112 1727 3169 etiam
1758 3112 1959 3188 magiS,

272 3187 448 3265 quod,
479 3189 640 3248 cuius
676 3190 736 3247 iu
771 3189 967 3247 auimo
1003 3199 1271 3262 versatur,
1303 3209 1618 3270 numquam
1658 3192 1797 3251 sinit
1830 3211 1962 3250 eum
