2259 3467
283 145 350 193 56
453 142 556 192 DE
587 141 879 192 FINIBUS
910 140 1263 192 BONORUM
1295 140 1388 190 ET
1420 140 1800 192 MALORUM.

285 243 458 303 verba
488 244 729 316 audiret,
752 250 987 301 tuamne
1015 244 1087 301 de
1121 263 1182 301 se
1216 243 1536 301 orationem
1569 242 1842 301 libentius
1875 262 1977 302 au-

284 325 539 383 diturum
564 325 741 382 fuisse
768 343 841 381 au
869 342 1075 395 meam,
1095 343 1226 381 cum
1252 342 1360 399 ego
1382 323 1648 395 dicerem,
1669 323 1811 381 nihil
1835 342 1975 382 eum

282 406 488 463 fecisse
529 424 632 462 sua
667 423 837 462 causa
876 404 1184 481 omniaque
1220 403 1304 460 rei
1340 402 1620 480 publicae,
1649 410 1717 461 tu
1749 410 1972 476 cont-ra,

284 485 429 543 nihil
470 485 583 542 nisi
624 485 767 542 sua?
854 483 918 542 Si
960 502 1092 541 vero
1135 484 1197 541 id
1238 483 1413 541 etiam
1456 483 1757 561 explanare
1798 484 1976 542 velles

283 565 649 643 apertiusque
682 564 914 634 diceres,
939 563 1083 621 nihil
1112 583 1245 621 eum
1279 563 1483 621 fecisse
1515 563 1627 620 nisi
1655 563 1974 641 voluptatis

283 659 469 716 causa,
500 644 795 723 quomodo
837 663 968 701 eum
1006 644 1242 701 tandem
1275 643 1522 701 laturum
1561 644 1739 701 fuisse
1779 644 1976 702 existi-

282 726 449 783 mas?
531 730 624 784 61.
660 724 837 783 Esto:
878 725 1097 795 fecerit,
1122 725 1172 781 si
1205 724 1286 781 ita
1318 724 1421 793 viS‚
1440 723 1767 801 Torquatus
1801 742 1974 802 prop-

283 813 374 863 ter
413 824 542 863 suas
582 804 859 862 utilitates
901 799 1080 878 (malo
1128 803 1282 861 enim
1326 803 1515 861 dicere
1557 822 1728 882 quam
1773 803 1974 882 volup-

282 893 448 952 tates,
485 885 543 941 in
588 892 753 942 tanto
803 884 1135 961 praesertim
1186 880 1373 961 viro);
1431 903 1571 941 num
1627 883 1800 941 etiam
1846 883 1974 941 eius

284 964 503 1041 collega
529 964 596 1022 P.
617 964 848 1034 DeciuS,
871 964 1139 1041 princeps
1171 964 1228 1020 in
1266 982 1334 1021 ea
1365 964 1589 1021 familia
1620 963 1971 1036 consulatuS‚

283 1064 414 1102 cum
446 1064 505 1102 se
534 1044 845 1102 devoverat
872 1051 930 1101 et
956 1063 1105 1121 equo
1140 1043 1392 1101 admisso
1419 1044 1478 1101 in
1509 1043 1758 1101 mediam
1787 1043 1972 1101 aciem

285 1124 620 1182 Latinorum
654 1124 920 1195 irruebat,
945 1124 1163 1202 aliquid
1196 1123 1269 1181 de
1304 1123 1694 1201 voluptatibus
1727 1123 1845 1181 suis
1877 1142 1973 1181 co·

284 1203 543 1282 gitabat?
601 1203 726 1263 Ubi
748 1211 812 1262 ut
839 1223 964 1261 eam
992 1210 1221 1281 caperet
1248 1211 1350 1261 aut
1371 1203 1618 1281 quande,
1638 1222 1769 1262 cum
1799 1202 1973 1262 sciret

284 1284 591 1342 confestim
635 1303 756 1341 esse
797 1284 1181 1355 moriendum,
1212 1303 1452 1361 eamque
1492 1292 1737 1341 mortem
1772 1283 1972 1341 arden-

284 1364 431 1422 tiore
469 1364 663 1421 studio
697 1370 932 1441 peteret,
964 1383 1136 1441 quam
1171 1363 1453 1442 Epicurus
1487 1363 1839 1441 voluptatem
1875 1382 1974 1440 pe·

284 1444 519 1502 tendam
548 1445 753 1521 putati
821 1442 989 1512 Quod
1020 1444 1252 1522 quidem
1283 1445 1406 1502 eius
1431 1444 1653 1501 factum
1682 1444 1794 1501 nisi
1821 1450 1976 1501 esset

285 1524 408 1582 iure
444 1524 758 1596 laudatum,
790 1543 906 1581 nou
944 1533 1093 1582 esset
1129 1524 1390 1581 imitatus
1428 1531 1631 1601 quarto
1668 1523 1974 1582 consulatu

286 1623 391 1663 suo
424 1603 592 1678 filius,
616 1623 800 1683 neque
833 1623 1006 1682 porro
1039 1622 1109 1661 ex
1137 1622 1207 1662 eo
1240 1611 1409 1662 natus
1442 1623 1572 1662 cum
1602 1603 1828 1681 Pyrrho
1855 1602 1975 1661 bel-

285 1684 406 1743 lum
434 1704 637 1762 gerens
669 1684 866 1743 consul
896 1683 1196 1742 cecidisset
1228 1684 1287 1741 in
1322 1684 1542 1761 proelio
1578 1703 1750 1761 seque
1778 1703 1811 1741 e
1838 1702 1975 1741 con-

284 1765 495 1823 tinenti
535 1784 742 1843 genere
778 1765 1008 1823 tertiam
1049 1763 1347 1821 victimam
1388 1764 1470 1822 rei
1511 1763 1774 1841 publicae
1814 1782 1975 1841 prae·

284 1844 540 1924 buisset„
619 1851 712 1903 62.
757 1844 1045 1903 Contineo
1090 1862 1185 1901 me
1228 1843 1301 1901 ab
1345 1843 1638 1921 exemplis.
1737 1842 1974 1901 Graecis

284 1924 396 1983 hoc
425 1925 719 1982 modicum
741 1934 844 1995 est,
865 1923 1166 1995 Leonidas,
1186 1923 1634 2001 Epaminondas,
1650 1930 1765 1982 tres
1792 1923 1975 2001 aliqui

285 2012 386 2068 aut
419 2012 728 2083 quattu0r3
770 2023 879 2081 ego
914 2005 963 2061 si
996 2012 1226 2061 nostros
1257 2002 1525 2081 colligere
1558 2022 1818 2081 coeper0,
1849 2021 1976 2080 per-

284 2083 474 2141 ficiam
502 2083 644 2142 illud
674 2084 926 2162 quidem,
949 2091 1015 2141 ut
1048 2103 1108 2142 se
1137 2085 1336 2142 virtuti
1363 2084 1554 2142 tradat
1579 2083 1976 2160 constringen-

285 2163 418 2221 dam
450 2162 746 2240 voluptas3
790 2163 891 2221 sed
918 2163 1041 2222 dies
1067 2183 1162 2222 me
1191 2163 1433 2235 deficiet,
1458 2171 1532 2235 et,
1558 2171 1624 2221 ut
1650 2164 1723 2222 A.
1739 2162 1973 2236 VariuS,

287 2244 386 2322 qui
420 2252 508 2301 est
541 2243 772 2301 habitus
805 2243 975 2301 iudex
1011 2243 1224 2315 durior,
1254 2243 1443 2302 dicere
1481 2243 1797 2301 consessori
1830 2242 1976 2301 sole—

284 2322 403 2395 bat,
426 2342 577 2393 cum,
601 2323 752 2380 datis
779 2322 1039 2394 testibus,
1061 2323 1160 2381 alii
1180 2330 1373 2381 tamen
1401 2323 1749 2381 citarentur:
1794 2322 1830 2351 ‘⁴
1846 2323 1977 2381 Aut

286 2403 398 2461 hoc
430 2403 665 2461 testium
701 2404 838 2461 satis
875 2411 964 2461 est
1000 2410 1102 2461 aut
1133 2406 1345 2475 nescio,
1376 2402 1518 2481 quid
1551 2404 1690 2461 satis
1721 2401 1852 2474 sit‚’'
1889 2403 1977 2461 sic

286 2502 321 2541 a
347 2502 441 2541 me
469 2484 607 2540 satis
627 2482 825 2541 datum
850 2490 938 2541 est
965 2483 1218 2541 testium.
1275 2481 1431 2553 Quid
1452 2483 1644 2541 euim?
1679 2490 1738 2541 te
1759 2482 1974 2560 ipsum,

264 2561 690 2640 ‘dignissimum
733 2562 1046 2621 maioribus
1088 2563 1221 2634 tuis,
1251 2562 1589 2640 voluptasne
1629 2562 1874 2633 induxit,
1905 2570 1978 2622 ut

286 2642 743 2701 adulescentulus
762 2644 1008 2720 eriperes
1028 2642 1095 2701 P.
1116 2642 1306 2701 Sullae
1326 2642 1684 2701 consulatum
1704 2644 1725 2700 ἓ
1783 2641 1976 2711 Quem

287 2742 418 2780 cum
447 2722 521 2781 ad
549 2729 772 2799 patrem
799 2730 966 2780 tuum
999 2722 1330 2794 rettulisses,
1353 2723 1736 2781 fortissimum
1762 2723 1973 2795 virum,

289 2802 471 2880 qualis
499 2802 593 2860 ille
621 2801 707 2860 vel
738 2802 934 2860 consul
965 2801 1054 2859 vel
1083 2803 1223 2859 civis
1255 2821 1387 2860 cum
1421 2821 1662 2880 semper,
1684 2810 1809 2860 tum
1838 2811 1979 2879 post

288 2881 645 2940 consulatum
680 2881 834 2939 fuit!
917 2879 1047 2951 Quo
1082 2881 1315 2958 quidem
1349 2890 1579 2940 auctore
1618 2901 1724 2940 nos
1759 2882 1873 2959 ipsi
1906 2901 1979 2941 ea

289 2961 585 3036 gessimus,
608 2967 677 3018 ut
712 2959 983 3018 omnibus
1014 2967 1212 3037 potius
1245 2979 1418 3038 quam
1451 2961 1593 3037 ipsis
1631 2961 1801 3019 nobis
1840 2980 1979 3020 con-

291 3038 647 3097 suluerimus.
733 3044 828 3097 63.
871 3040 958 3097 At
991 3058 1162 3117 quam
1196 3039 1431 3116 pulchre
1464 3041 1653 3099 dicere
1685 3040 1974 3113 videbare,

290 3136 419 3175 cum
473 3136 544 3175 ex
590 3117 767 3176 altera
812 3125 975 3195 parte
1022 3118 1279 3196 ponebas
1324 3120 1677 3178 cumulatum
1720 3121 1976 3199 aliquem

291 3196 555 3269 plurimis
601 3204 661 3255 et
699 3197 969 3255 maximis
994 3197 1421 3274 voluptatibus,
1455 3200 1613 3258 nullo
1663 3220 1767 3259 nec
1815 3220 1978 3278 prae-
