2259 3467
762 117 902 173 LIB.
934 124 1021 185 V.‚
1052 122 1209 174 CAP.
1240 123 1611 174 XVII.-X1X.
1948 126 2046 176 167

356 229 634 285 svavitate
667 225 938 283 videntur
969 232 1069 283 aut
1102 225 1360 284 novitate
1396 226 1644 303 quadam
1679 231 1738 284 et
1773 218 2045 285 varietate

355 306 628 366 cantandi
655 324 918 364 revocare
948 325 1047 364 eos
1074 306 1293 378 solitae,
1320 306 1419 383 qui
1448 305 2041 383 praeter-vehebantur,

356 387 459 446 sed
488 387 624 465 quia
650 386 833 443 multa
861 406 921 444 se
950 387 1093 445 scire
1122 385 1558 463 profitebantur,
1586 393 1650 443 ut
1677 385 1942 444 homines
1970 387 2045 444 ad

355 486 551 525 earum
582 486 717 525 saxa
743 465 1004 524 discendi
1032 486 1102 525 cu
1151 466 1352 524 iditate
1386 466 1868 526 adhaerescerent.
1955 466 2047 524 Ita

356 548 512 606 enim
534 546 804 604 ‘invitant
836 546 1074 605 Ulixem
1140 565 1272 604 nam
1306 547 1469 620 verti,
1499 553 1567 606 ut
1604 546 1887 626 quaedam
1922 546 2046 605 Ho-

356 628 517 701 meri,
541 627 622 685 sic
649 627 824 685 istum
854 626 1046 704 ipsum
1074 623 1329 705 locum):

422 772 468 823 O
491 771 642 821 decus
668 770 975 833 Argolicum,
994 771 1116 835 quin
1137 771 1341 834 puppim
1365 770 1537 832 flecti8‚
1559 771 1751 833 UlixeS‚

421 838 644 886 Auribus
669 845 724 885 ut
746 846 942 885 nostros
963 837 1121 899 possis
1145 852 1413 898 agnoscere
1436 845 1611 887 cantus
1628 839 1652 887 Ρ

422 903 552 952 Nam
577 917 725 951 nemo
751 902 874 951 haec
900 915 1139 966 umquam
1161 911 1238 952 est
1261 911 1570 952 transvectus
1592 902 1794 952 caerula
1815 916 1980 964 cursu,

421 968 556 1029 Quin
579 969 713 1031 prius
737 969 951 1017 astiterit
972 983 1149 1017 vocum
1175 968 1437 1017 dulcedine
1459 978 1648 1032 captus,

421 1035 564 1094 Post,
586 1033 736 1082 variis
757 1033 905 1082 avido
928 1034 1136 1082 satiatus
1158 1044 1357 1097 pectore
1380 1034 1549 1095 musiS,

422 1099 632 1149 Doctior
653 1099 718 1149 ad
741 1098 927 1162 patrias
949 1099 1117 1162 lapsus
1139 1100 1417 1163 pervenerit
1440 1115 1568 1149 oras.

421 1166 528 1214 Nos
549 1180 700 1227 grave
725 1174 976 1214 certamen
1002 1165 1115 1214 belli
1138 1165 1431 1227 clademque
1455 1175 1697 1229 tenemuS,

424 1231 639 1281 Graecia.
660 1246 810 1294 quam
833 1231 1014 1279 Troiae
1034 1231 1204 1279 divino
1232 1232 1435 1279 numine
1458 1232 1611 1294 vexit,

422 1296 704 1361 Omniaque
724 1312 752 1347 e
774 1296 887 1345 latis
910 1311 1073 1345 rerum
1096 1296 1305 1357 vestigia
1328 1297 1485 1345 terris·

360 1430 531 1490 Vidit
565 1430 871 1502 HomeruS‚
905 1430 1137 1509 probari
1170 1431 1425 1489 fabulam
1461 1451 1579 1489 non
1622 1449 1807 1509 posse,
1840 1435 1888 1488 si
1921 1449 2048 1489 can-

357 1511 633 1571 tiunculis
681 1519 878 1570 tantus
934 1512 1189 1570 irretitus
1237 1512 1325 1569 vir
1371 1518 1695 1583 teneretur3
1748 1511 2047 1569 scientiam

359 1592 719 1671 pollicentur,
745 1611 920 1669 quam
948 1611 1064 1650 non
1095 1598 1218 1650 erat
1245 1591 1457 1649 mirum
1491 1592 1805 1669 sapientiae
1834 1591 2047 1668 cupido

360 1673 548 1751 patria
588 1691 698 1730 esse
745 1674 1038 1732 cariorem.
1123 1672 1323 1750 Atque
1365 1672 1562 1730 omnia
1604 1672 1836 1749 quidem
1888 1671 2045 1743 scire,

360 1753 935 1832 cuiuscumquemodi
962 1753 1095 1824 sint,
1119 1771 1328 1829 cupere
1357 1754 1731 1821 curiosorum,
1752 1751 1885 1810 duci
1916 1770 2049 1808 vero

359 1834 642 1891 maiorum
678 1852 868 1891 rerum
902 1833 1393 1910 contemplatione
1426 1833 1500 1891 ad
1533 1833 1909 1910 cupiditatem
1947 1832 2053 1889 sci·

361 1914 550 1973 entiae
578 1933 935 1973 summorum
967 1915 1217 1971 virorum
1248 1920 1335 1971 est
1362 1913 1703 1990 putandum.

443 1993 612 2053 XIX.
700 2001 791 2052 50.
838 1994 1023 2064 Quem
1067 1995 1223 2052 enim
1265 1993 1529 2052 ardorem
1580 1993 1759 2053 studii
1806 1992 2051 2051 censetis

361 2074 542 2133 fuisse
574 2075 635 2133 in
671 2074 1038 2147 Archimede,
1070 2075 1171 2152 qui
1212 2073 1352 2132 dum
1391 2075 1451 2132 in
1495 2074 1726 2152 pulvere
1768 2073 2049 2151 quaedam

362 2155 638 2214 describit
679 2156 973 2227 attentius,
1004 2174 1076 2213 ne
1109 2155 1357 2233 patriam
1393 2154 1629 2232 quidem
1662 2163 1891 2232 captam
1929 2173 2051 2212 esse

363 2235 635 2294 senserit!
666 2243 945 2313 quantum
965 2235 1298 2294 Aristoxeni
1320 2236 1619 2314 ingenium
1642 2242 2049 2312 consumptum

363 2316 626 2374 videmus
659 2316 720 2374 iu
753 2316 1020 2374 musicis!
1067 2336 1182 2394 quo
1225 2316 1420 2374 studio
1455 2316 1908 2393 Aristophanem
1951 2334 2054 2392 pu-

361 2403 555 2455 tamus
584 2402 829 2454 aetatem
864 2397 925 2454 in
961 2396 1166 2454 litteris
1179 2395 1463 2454 -duxissel
1548 2395 1705 2465 Quid
1732 2395 1807 2453 de
1836 2395 2054 2471 Pytha-

363 2496 522 2555 gora,
554 2476 695 2554 quid
728 2477 801 2535 de
834 2476 1080 2534 Platone
1122 2483 1224 2534 aut
1257 2476 1330 2533 de
1362 2475 1702 2534 Democrito
1737 2475 1978 2552 loquar?
2017 2494 2053 2531 a

364 2557 577 2636 quibus
616 2565 852 2634 propter
893 2556 1153 2615 discendi
1195 2556 1572 2634 cupiditatem
1617 2555 1880 2613 videmus
1924 2554 2055 2611 ulti-

363 2657 490 2695 mas
521 2644 700 2695 terras
741 2657 863 2695 esse
904 2643 1249 2714 peragratas
1336 2634 1496 2704 Quae
1539 2636 1638 2713 qui
1681 2655 1797 2693 non
1834 2633 2051 2706 vident,

364 2717 511 2776 nihil
540 2737 813 2795 umquam
850 2737 1125 2794 magnum
1160 2736 1226 2775 ac
1259 2716 1593 2794 cognitione
1625 2715 1869 2792 dignum
1904 2734 2056 2772 ama-

366 2805 587 2856 verunt.
671 2799 869 2875 Atque
910 2797 1021 2855 hoc
1055 2797 1201 2869 loce,
1235 2797 1334 2874 qui
1367 2804 1603 2874 propter
1643 2796 1821 2853 animi
1856 2793 2056 2872 volup-

365 2886 516 2936 tates
537 2877 649 2936 coli
672 2878 873 2936 dicunt
894 2897 961 2935 ea
989 2876 1195 2948 studia,
1222 2897 1366 2955 quae
1389 2877 1525 2949 dixi,
1548 2896 1663 2934 non
1692 2875 2054 2951 intellegunt,

366 2958 582 3017 idcirco
610 2978 731 3016 esse
761 2978 828 3015 ea
854 2965 1090 3035 propter
1118 2978 1177 3015 se
1207 2958 1542 3033 expetenda,
1569 2957 1728 3034 quod
1758 2955 1913 3012 nulla
1946 2956 2056 3011 uti·

365 3039 529 3097 litate
564 3038 790 3096 obiecta
822 3037 1178 3095 delectentur
1210 3037 1390 3094 animi
1423 3046 1596 3113 atque
1631 3038 1756 3114 ipsa
1796 3035 2053 3105 scientia,

366 3117 596 3179 etiamsi
624 3118 1125 3176 incommodatura
1154 3117 1244 3189 sit,
1265 3117 1567 3193 gaudeant.
1651 3122 1741 3174 51.
1776 3115 1889 3173 Sed
1915 3115 2059 3192 quid

366 3200 579 3258 attinet
614 3199 685 3257 dc
727 3198 897 3256 rebus
930 3204 1049 3255 tam
1085 3197 1300 3274 apertis
1334 3196 1498 3275 plura
1529 3197 1853 3277 requirere?
1938 3194 2061 3272 Ipsi
