2259 3467
236 91 334 139 130
401 87 502 139 DE
534 86 829 138 FINIBUS
861 86 1213 138 BONORUM
1245 86 1339 136 ΕΤ
1370 86 1751 137 MALORUM.

235 210 362 250 eam
390 189 634 268 adeptus
655 190 748 261 sit,
772 189 917 247 nihil
945 194 1240 265 praeterea
1265 187 1566 246 desideret.
1643 187 1920 259 Videsne,

236 278 317 343 ut,
344 270 552 349 quibus
584 288 810 327 summa
849 276 935 327 cst
974 269 1036 326 in
1077 267 1391 346 voluptate,
1415 268 1781 346 perspicuum
1826 269 1920 340 sit,

237 352 376 429 quid
405 351 476 408 iis
503 349 835 408 faciendum
863 349 938 407 sit
965 356 1066 407 aut
1094 368 1212 407 non
1242 348 1610 407 faciendum?
1650 355 1717 406 ut
1749 367 1922 406 nemo

236 431 480 501 dubitet,
501 449 698 488 eorum
723 429 919 486 omnia
939 428 1127 487 officia
1147 447 1264 506 quo
1286 435 1558 506 spectare,
1578 428 1718 505 quid
1740 429 1920 506 sequi,

237 511 377 589 quid
420 511 622 587 fugere
663 509 946 567 debeant?
1027 508 1118 567 Sit
1157 508 1272 566 hoc
1310 507 1583 567 ultimum
1619 508 1921 580 bonorum,

238 590 392 669 quod
436 609 588 647 nunc
628 608 664 647 a
703 608 797 647 me
837 588 1201 660 defenditur3
1251 595 1491 666 apparet
1530 588 1745 659 statim,
1776 607 1925 665 quae

237 673 354 728 sint
375 668 578 742 officia,
602 688 748 747 quae
767 669 1038 727 actiones,
1109 667 1299 726 Vobis
1318 675 1530 739 autem,
1547 668 1756 746 quibus
1775 667 1924 725 nihil

237 758 325 808 est
365 750 521 808 aliud
563 749 925 827 propositum
967 749 1079 806 nisi
1119 757 1340 806 rectum
1382 754 1554 825 atque
1596 748 1921 819 honestum,

237 830 390 889 unde
432 829 622 902 officii,
645 829 799 888 unde
839 829 1049 906 agendi
1096 828 1446 905 principium
1492 835 1773 899 nascatur,
1804 847 1923 885 non

237 910 549 987 reperietis,
633 910 726 967 47.
772 909 906 967 Hoc
937 909 1118 986 igitur
1145 915 1481 985 quaerentes
1521 927 1739 979 omnes,
1769 915 1830 966 et
1859 908 1922 978 ii,

240 991 357 1069 qui,
383 990 786 1068 quodcumque
812 989 871 1046 in
902 995 1157 1047 mentem
1179 988 1372 1046 veniat
1392 994 1492 1047 aut
1518 987 1926 1065 quodcumque

240 1078 514 1139 occurrat,
538 1088 598 1127 se
632 1069 792 1147 sequi
819 1069 1032 1139 dicent,
1061 1075 1122 1127 et
1152 1087 1257 1125 vos
1288 1068 1364 1126 ad
1395 1074 1657 1126 naturam
1686 1075 1928 1133 reverte-

240 1150 399 1209 mini.
483 1149 708 1220 Quibus
739 1156 943 1207 natura
973 1149 1097 1207 iure
1129 1148 1503 1225 responderit,
1526 1167 1645 1205 non
1679 1167 1801 1206 esse
1834 1167 1929 1206 ve-

239 1249 385 1301 rum,
409 1229 639 1288 aliunde
672 1228 843 1287 finem
887 1228 1052 1287 beate
1085 1228 1333 1300 vivendi,
1358 1247 1393 1285 a
1433 1247 1494 1286 se
1525 1228 1810 1306 principia
1840 1228 1926 1286 rei

239 1309 520 1386 gerendae
569 1309 727 1386 peti3
783 1328 906 1367 esse
953 1309 1109 1366 enim
1149 1328 1322 1366 unam
1372 1308 1672 1380 rationem,
1704 1327 1817 1385 qua
1865 1315 1928 1367 et

240 1390 526 1467 principia
551 1408 737 1447 rerum
771 1387 1123 1466 agendarum
1157 1395 1218 1447 et
1243 1388 1449 1447 ultima
1479 1388 1764 1446 bonorum
1793 1407 1929 1446 con-

240 1470 576 1540 tinerentur,
606 1476 779 1547 atque
819 1476 886 1527 ut
914 1469 1206 1527 Aristonis
1246 1475 1396 1526 esset
1435 1468 1671 1546 explosa
1702 1476 1927 1527 senteu-

240 1551 340 1619 tia‚
363 1551 624 1621 dicentiS‚
648 1549 793 1607 nihil
827 1549 1058 1607 differre
1099 1548 1257 1606 aliud
1290 1548 1363 1607 ab
1395 1548 1509 1607 alio
1542 1567 1648 1606 nec
1680 1567 1803 1607 esse
1836 1567 1928 1607 res

245 1631 386 1688 ullas
428 1636 651 1707 praeter
690 1630 931 1688 virtutes
971 1636 1031 1687 et
1062 1629 1221 1699 vitia,
1245 1629 1395 1686 inter
1434 1648 1575 1706 quas
1608 1628 1924 1706 quidquam

244 1711 482 1768 omnino
523 1711 838 1782 interesset,
862 1709 946 1768 sic
977 1728 1162 1767 errare
1203 1709 1509 1781 Zenonem,
1534 1710 1635 1787 qui
1666 1708 1825 1766 nulla
1863 1709 1925 1766 in

243 1810 304 1848 re
332 1791 442 1849 nisi
476 1791 535 1848 in
565 1791 777 1848 virtute
809 1796 911 1848 aut
942 1789 1087 1847 vitio
1117 1789 1564 1867 propensionem
1597 1808 1670 1848 ne
1698 1788 1927 1847 minimi

245 1872 478 1948 quidem
508 1870 788 1929 momenti
816 1870 891 1928 ad
923 1888 1215 1927 summum
1244 1869 1461 1927 bonum
1490 1869 1925 1946 adipiscendum

244 1970 365 2009 esse
403 1951 617 2009 diceret
662 1957 739 2022 et,
769 1969 902 2009 cum
939 1949 1015 2007 ad
1054 1949 1279 2007 beatam
1321 1949 1500 2007 vitam
1541 1949 1766 2006 nullum
1804 1968 1929 2006 mo-

244 2038 505 2089 mentum
539 2037 727 2089 cetera
756 2029 1049 2101 haberent,
1073 2029 1150 2087 ad
1177 2030 1593 2108 appetitionem
1621 2036 1816 2087 tamen
1845 2048 1927 2087 re-

246 2130 371 2168 rum
415 2128 536 2168 esse
575 2111 636 2167 in
679 2111 751 2167 iis
789 2116 1087 2168 momenta
1125 2110 1369 2181 diceret3
1413 2110 1574 2188 quasi
1610 2128 1744 2168 vero
1785 2109 1928 2167 haec

245 2190 529 2267 appetitio
551 2208 666 2247 non
696 2189 772 2247 ad
792 2191 1003 2249 summi
1031 2189 1172 2247 boni
1191 2190 1554 2268 adeptionem
1581 2189 1927 2267 pertineret!

247 2275 340 2329 48.
378 2268 533 2338 Quid
552 2278 745 2328 autem
767 2271 959 2328 minus
980 2277 1427 2329 consentaneum
1449 2277 1553 2341 est,
1574 2289 1744 2347 quam
1769 2270 1929 2347 quod

246 2351 424 2422 aiunt,
454 2351 692 2428 cognito
725 2370 952 2409 summo
984 2350 1160 2421 bon0‚
1189 2350 1395 2409 reverti
1437 2369 1497 2408 se
1536 2350 1609 2408 ad
1643 2357 1926 2421 naturam,

246 2438 314 2488 nt
353 2449 423 2488 ex
468 2450 536 2489 ea
577 2437 780 2508 petant
824 2430 1033 2506 agendi
1077 2430 1446 2508 principium,
1476 2430 1539 2488 id
1582 2436 1686 2500 est,
1717 2428 1930 2488 officii?

246 2510 304 2568 N
307 2530 382 2567 on
424 2511 578 2568 enim
619 2511 863 2569 actionis
902 2517 1002 2569 aut
1039 2510 1214 2569 officii
1253 2511 1402 2569 ratio
1443 2510 1690 2586 impellit
1728 2509 1801 2567 ad
1843 2529 1927 2581 ea,

247 2610 392 2667 quae
426 2590 740 2650 secundum
782 2597 1041 2648 naturam
1079 2598 1230 2662 sunt,
1255 2590 1595 2669 appetenda,
1619 2590 1718 2648 sed
1751 2589 1825 2648 ab
1857 2590 1931 2648 iis

246 2678 306 2728 et
333 2671 615 2749 appetitio
644 2677 704 2728 et
729 2671 881 2729 actio
909 2678 1321 2729 commovetur.

327 2750 556 2809 XVIII.
602 2749 660 2807 N
663 2769 774 2808 unc
807 2750 975 2809 venio
1008 2750 1084 2808 ad
1115 2750 1216 2808 illa
1252 2758 1355 2809 tua
1386 2750 1595 2822 brevia,
1620 2768 1765 2827 quae
1797 2768 1933 2807 con·

248 2829 486 2886 sectaris
512 2848 635 2887 esse
657 2829 904 2901 dicebas,
929 2835 989 2887 et
1016 2830 1268 2906 primum
1300 2830 1459 2902 illud,
1485 2849 1602 2907 quo
1629 2828 1772 2888 nihil
1802 2836 1933 2907 pot-

247 2914 335 2963 est
374 2906 637 2965 brevius:
679 2907 910 2966 Bonum
947 2927 1118 2966 omne
1150 2909 1468 2981 laudabile3
1510 2908 1795 2967 laudabile
1836 2928 1933 2967 au-

248 2992 364 3042 tem
395 3004 566 3044 omne
588 2986 891 3045 honestum
914 3005 928 3058 3
971 2987 1187 3045 bonum
1213 2989 1390 3065 igitur
1410 3008 1580 3047 omne
1602 2988 1929 3047 honestum.

247 3062 300 3120 Ο
341 3063 677 3137 plumbeum
719 3067 1070 3142 pugionem!
1154 3066 1299 3135 Quis
1338 3069 1493 3126 enim
1534 3068 1643 3126 tibi
1675 3069 1931 3146 primum

247 3139 391 3197 illud
423 3144 805 3201 concesserit?
840 3140 982 3221 (quo
1017 3145 1253 3221 quidem
1286 3166 1573 3220 comesam
1602 3149 1748 3206 nihil
1783 3167 1936 3226 opus

229 3369 255 3399 ι
