2259 3467
278 111 374 158 116
440 109 539 157 DE
572 107 861 160 FINIBUS
899 105 1255 162 BONORUM
1287 106 1380 154 ΕΤ
1414 104 1793 155 MALORUM.

274 216 467 267 autem
498 206 739 265 artificio
769 214 826 265 et
855 207 947 264 via
972 206 1348 264 tradiderunt.
1427 204 1586 275 Quae
1615 206 1847 283 quidem
1871 227 1966 264 ars

276 288 466 357 efficit,
500 307 570 345 ne
604 306 829 345 necesse
863 287 938 344 sit
978 286 1184 344 iisdem
1218 286 1291 343 de
1332 286 1501 343 rebus
1541 305 1766 363 semper
1800 288 1965 364 quasi

277 368 494 425 dictata
520 366 820 424 decantare
849 385 1033 444 neque
1062 385 1096 423 a
1122 364 1609 425 commentariolis
1637 366 1754 423 suis
1783 367 1966 425 disce·

276 446 426 504 dere.
491 446 640 504 Nam
666 447 765 523 qui
787 446 944 518 sciet,
966 445 1065 504 ubi
1087 446 1341 524 quidque
1363 445 1616 523 positum
1641 446 1716 503 sit
1734 465 1962 525 quaque

275 545 345 584 eo
370 527 574 597 veniat,
596 526 660 597 is,
677 526 902 583 etiamsi
926 526 1066 604 quid
1095 526 1363 583 obrutum
1388 526 1514 595 erit,
1534 526 1748 603 poterit
1765 545 1962 589 eruere

275 624 612 683 semperque
633 625 755 663 esse
782 607 840 663 in
864 605 1217 684 disputando
1245 625 1396 663 suus·
1468 604 1640 673 Quod
1668 606 1775 663 etsi
1803 607 1962 682 inge-

274 686 389 742 niis
415 686 640 761 magnis
667 686 914 763 praediti
948 686 1182 763 quidam
1213 685 1442 743 dicendi
1471 685 1694 761 copiam
1726 686 1849 743 sine
1878 706 1963 743 ra·

273 766 433 823 tione
461 772 904 843 consequuntur,
929 784 1019 822 ars
1045 773 1242 822 tamen
1270 772 1357 823 est
1390 765 1507 822 dux
1542 766 1750 823 certior
1785 785 1958 843 quam

274 854 492 903 natura.
576 846 759 903 Aliud
785 852 873 903 est
906 846 1060 902 enim
1094 851 1399 922 poetarum
1435 863 1597 902 more
1627 845 1796 903 verba
1827 846 1960 903 fun-

275 926 424 997 dere,
446 925 603 983 aliud
631 944 713 995 ea,
735 945 880 1002 quae
909 925 1081 996 dicaS,
1103 926 1324 983 ratione
1353 933 1413 983 et
1438 931 1559 982 arte
1587 925 1956 1001 distingvere.

360 1006 428 1064 V.
518 1011 607 1063 11.
653 1005 878 1063 Similia
909 1005 1025 1063 dici
1068 1012 1311 1082 possunt
1342 1005 1416 1063 de
1448 1004 1830 1082 explicatione
1864 1025 1963 1063 na-

272 1093 450 1157 turae,
472 1104 586 1162 qua
603 1093 656 1142 et
684 1085 747 1142 hi
773 1091 1015 1143 utuntur
1041 1095 1100 1142 et
1123 1086 1311 1157 vestri,
1335 1104 1521 1162 neque
1551 1104 1682 1143 vero
1711 1085 1786 1143 ob
1815 1085 1960 1144 duas

274 1165 450 1223 modo
484 1184 697 1236 causas,
730 1165 1022 1243 quomodo
1055 1165 1307 1245 Epicuro
1341 1165 1583 1237 videtur,
1614 1173 1681 1223 ut
1713 1156 1960 1243 pellatur

273 1245 477 1302 mortis
525 1254 583 1303 et
625 1245 920 1321 religionis
973 1250 1196 1318 metus3
1241 1245 1342 1303 sed
1388 1245 1563 1303 etiam
1612 1245 1958 1303 modestiam

274 1325 560 1402 quandam
605 1326 862 1401 cognitio
904 1345 1094 1384 rerum
1140 1323 1469 1383 caelestium
1517 1326 1685 1384 affert
1737 1325 1825 1397 iis,
1858 1327 1961 1404 qui

273 1406 521 1476 videant,
575 1412 788 1483 quanta
841 1406 917 1463 sit
970 1406 1145 1463 etiam
1208 1405 1364 1482 apud
1417 1405 1557 1463 deos
1617 1405 1956 1477 moderatiO,

274 1493 522 1564 quantus
551 1485 709 1556 ordO,
733 1493 793 1543 et
822 1485 1281 1562 magnitudinem
1309 1485 1487 1543 animi
1516 1486 1755 1543 deorum
1784 1505 1960 1563 opera

272 1575 331 1624 et
364 1567 520 1623 facta
552 1565 931 1636 cernentibuS,
956 1566 1236 1622 iustitiam
1273 1567 1464 1637 etiam,
1488 1584 1619 1623 cum
1655 1566 1955 1642 cognitum

274 1645 498 1716 habeas»,
532 1647 686 1723 quod
722 1646 797 1703 sit
831 1646 1042 1703 summi
1075 1646 1313 1703 rectoris
1345 1665 1411 1703 ac
1450 1645 1673 1703 domini
1720 1664 1956 1718 numen,

273 1727 429 1803 quod
475 1725 795 1796 consilium,
827 1745 971 1802 quae
1020 1726 1318 1798 voluntas3
1361 1727 1523 1784 cuius
1570 1725 1646 1782 ad
1692 1732 1958 1783 naturam

268 1814 409 1884 apta
436 1806 580 1863 ratio
610 1826 742 1864 vera
770 1805 866 1863 illa
893 1813 950 1863 et
979 1825 1207 1865 summa
1236 1804 1328 1863 lex
1361 1825 1397 1863 a
1423 1805 1786 1883 philosophis
1817 1806 1957 1863 dici·

273 1894 382 1944 tur.
472 1892 561 1944 12.
610 1885 767 1943 Inest
799 1887 860 1943 in
889 1885 1086 1944 eadem
1124 1885 1775 1962 explicatione-naturae
1808 1886 1957 1943 insa-

272 1966 486 2023 tiabilis
528 1966 807 2044 quaedam
841 1985 874 2023 e
911 1965 1328 2042 cognoscendis
1370 1964 1538 2026 rebus
1582 1965 1909 2042 voluptaS‚
1893 1985 1954 2022 1n

274 2064 387 2123 qua
420 2065 550 2116 una,
582 2046 863 2103 confectis
907 2046 1076 2103 rebus
1119 2045 1465 2117 necessariis»,
1498 2046 1660 2102 vacui
1705 2046 1958 2122 negotiis

272 2125 512 2182 honeste
541 2144 606 2182 ac
634 2124 942 2183 liberaliter
973 2125 1263 2217 possimus
1291 2126 1492 2183 vivere.
1571 2124 1771 2201 Ergo
1756 2145 1815 2182 m
1846 2124 1957 2183 hac

271 2205 492 2262 ratione
521 2211 646 2262 tota
667 2205 738 2261 de
767 2205 1032 2262 maximis
1060 2205 1182 2264 fere
1212 2205 1379 2263 rebus
1407 2204 1587 2262 Stoici
1617 2204 1746 2261 illos
1773 2206 1958 2263 secuti

272 2292 422 2355 sunt,
462 2291 525 2342 ut
568 2292 628 2342 et
671 2285 811 2343 deos
853 2304 975 2343 esse
1019 2293 1078 2343 ct
1123 2292 1395 2363 quattuor
1426 2305 1494 2342 ex
1543 2283 1713 2342 rebus
1760 2285 1959 2342 omnia

271 2373 531 2423 constare
565 2364 835 2424 dicerent.
920 2364 1070 2423 Cum
1113 2374 1308 2423 autem
1342 2370 1705 2442 quaereretur
1736 2384 1827 2422 res
1859 2364 1959 2422 ad-

271 2445 507 2503 modum
547 2444 808 2516 difficilis,
841 2464 980 2502 num
1016 2445 1217 2523 quinta
1251 2444 1527 2522 quaedam
1568 2451 1771 2501 natura
1805 2444 1959 2501 vide-

270 2532 426 2583 retur
467 2545 605 2597 esse,
637 2544 706 2582 ex
742 2545 855 2617 qua
887 2524 1034 2582 ratio
1070 2532 1130 2583 et
1172 2524 1562 2601 intellegentia
1602 2524 1862 2599 oriretur,
1892 2524 1955 2581 in

272 2623 387 2682 quo
421 2606 593 2663 etiam
631 2605 702 2662 de
731 2604 955 2675 animis,
980 2604 1143 2662 cuius
1175 2606 1400 2683 genelis
1431 2611 1637 2674 essent,
1663 2623 1958 2680 quaerere-

270 2694 382 2755 tur,
404 2685 556 2743 Zeno
580 2685 638 2743 id
669 2684 818 2743 dixit
840 2704 961 2742 esse
982 2684 1212 2761 ignem3
1249 2683 1523 2742 nonnulla
1543 2648 1751 2741 deinde
1773 2682 1953 2754 aliter,

271 2765 370 2821 sed
416 2784 482 2823 ea
525 2782 740 2843 pauca3
783 2765 857 2823 de
906 2764 1160 2822 maxima
1186 2773 1376 2823 autem
1418 2783 1478 2822 re
1514 2763 1718 2821 eodem
1758 2762 1954 2834 modo,

271 2843 468 2901 divina
490 2853 681 2902 mente
708 2852 881 2921 atque
903 2850 1105 2901 natura
1126 2844 1405 2901 mundum
1432 2843 1757 2901 universum
1781 2850 1956 2920 atque

272 2922 393 2979 eius
439 2925 720 2980 maximas
760 2930 952 3000 partes
995 2923 1398 2981 administrari.
1476 2923 1776 2980 Materiam
1821 2941 1956 2980 vero

273 3018 459 3057 rerum
490 3009 548 3059 et
575 3002 802 3092 copiam
830 3002 987 3078 apud
1015 3003 1122 3059 hos
1155 3003 1377 3072 exilem,
1402 3002 1573 3094 apud
1587 3002 1714 3059 illos
1744 3002 1961 3060 uberri-

273 3096 427 3133 mam
458 3080 817 3155 reperiemus,
894 3086 984 3138 13.
1005 3081 1208 3172 ’Quam
1239 3082 1421 3139 multa
1441 3082 1551 3139 ab
1539 3082 1608 3140 iis
1629 3082 1960 3159 conquisita

272 3162 332 3211 et
353 3155 591 3214 collecta
612 3166 746 3215 sunt
767 3160 839 3216 de
862 3160 1123 3218 omnium
1155 3161 1534 3219 animantium
1558 3181 1783 3237 genere,
1805 3169 1955 3238 ortu,
