2259 3467
734 132 900 181 'L1B.
932 132 1001 193 1.‚
1029 131 1187 181 CAP.
1215 131 1389 192 XVI„
1416 131 1597 180 XVII.
1964 134 2028 180 23

330 234 629 311 respirare,
667 252 982 310 numquam
1026 233 1398 310 acquiescere.
1503 237 1595 289 54.
1640 230 1811 301 Quod
1860 233 1909 289 si
1956 251 2029 289 nc

338 315 591 392 ipsarum
622 313 853 391 quidem
887 314 1162 371 virtutum
1199 312 1338 384 laus,
1365 313 1424 369 in
1455 332 1568 391 qua
1599 311 1850 369 maxime
1884 319 2030 369 cete-

338 414 532 452 rorum
561 393 1038 471 philosophorum
1062 392 1281 450 exultat
1309 393 1510 465 oratic,
1536 393 1780 470 reperire
1809 393 2026 450 exitum

337 482 548 551 potest,
574 473 682 532 nisi
716 474 998 551 dirigatur
1030 473 1104 530 ad
1140 473 1512 550 voluptatem,
1537 473 1802 549 voluptas
1834 480 2026 529 autem

333 562 426 612 est
474 554 610 626 sola,
647 572 792 632 quae
846 573 952 611 nos
1002 561 1169 611 vocet
1221 554 1297 611 ad
1344 573 1404 611 se
1453 561 1512 611 et
1559 552 1773 610 alliciat
1826 560 2028 629 suapte

339 642 555 706 natura,
580 654 707 692 non‘
727 641 921 711 potest
949 654 1069 691 esse
1099 633 1359 703 dubium,
1381 633 1518 711 quin
1551 634 1610 690 id
1640 633 1715 690 sit
1737 652 2028 690 summum

337 722 509 792 atque
547 721 866 773 extremum
901 714 1188 771 bonorum
1224 714 1503 783 omnium,
1528 713 1806 791 beateque
1841 713 2029 771 vivere

336 794 481 851 nihil
511 794 667 851 aliud
696 795 770 851 sit
801 795 910 851 nisi
939 814 1072 852 cum
1103 793 1397 870 voluptate
1427 794 1630 851 vivere.

416 874 615 933 XVII.
690 881 781 931 55.
820 874 976 931 Huic
1005 882 1192 931 certae
1215 874 1519 950 stabilique
1545 873 1860 931 sent-entiae
1883 893 2029 951 quae

335 955 452 1012 sint
473 956 796 1023 coniuncta,
818 954 1115 1032 explicabo
1141 954 1314 1012 brevi.
1379 953 1587 1012 Nullus
1614 955 1674 1011 in
1705 954 1847 1029 ipsis
1874 974 2031 1012 error

335 1042 423 1092 est
450 1034 662 1091 finibus
691 1034 974 1092 bonorum
1009 1043 1068 1092 et
1096 1035 1397 1105 malorum,
1424 1034 1486 1091 id
1514 1042 1616 1105 est,
1642 1035 1702 1091 in
1733 1034 2028 1111 voluptate

335 1123 436 1172 aut
464 1115 521 1172 in
554 1114 766 1186 dolore,
793 1115 893 1172 sed
924 1116 981 1172 in
1012 1115 1082 1172 iis
1108 1114 1279 1173 rebus
1307 1122 1563 1192 peccant,
1584 1134 1734 1185 cum,
1759 1134 1791 1171 e
1820 1114 2029 1190 quibus

332 1195 475 1252 haee
508 1194 841 1265 efficiantur,
874 1196 1157 1272 ignorant.
1242 1194 1446 1252 Animi
1480 1202 1672 1252 autem
1704 1195 2029 1272 voluptates

334 1283 394 1333 et
427 1275 654 1333 dolores
693 1276 850 1333 nasci
888 1278 1143 1333 fatemur
1174 1295 1206 1334 e
1240 1275 1496 1353 corporis
1536 1275 1929 1352 voluptatibus
1970 1283 2029 1333 et

334 1355 667 1429 doloribus3
726 1352 946 1433 (itaque
1006 1356 1279 1423 concede,
1332 1355 1489 1432 quod
1544 1356 1722 1413 modo
1779 1355 2025 1427 dicebas,

330 1436 534 1494 cadere
568 1455 752 1508 causa,
785 1436 834 1493 si
868 1437 966 1514 qui
1001 1456 1032 1494 e
1065 1437 1280 1494 nostris
1312 1437 1476 1493 aliter
1509 1437 1857 1506 existimant,
1884 1455 2029 1512 quos

334 1517 568 1593 quidem
613 1518 780 1574 video
829 1536 950 1574 esse
999 1516 1232 1586 multos,
1269 1516 1370 1592 sed
1420 1512 1785 1591 imperitos3)
1835 1535 2028 1593 quam-

335 1616 506 1673 quam
558 1605 750 1653 autem
794 1603 853 1653 et
897 1596 1172 1653 laetitiam
1223 1595 1393 1652 nobis
1436 1596 1699 1672 voluptas
1749 1596 1929 1653 animi
1970 1603 2029 1652 et

335 1676 660 1731 molestiam
696 1675 862 1731 dolor
901 1676 1120 1744 afferat,
1153 1694 1352 1731 eorum
1392 1682 1584 1731 tamen
1620 1683 1927 1751 utrumque
1970 1683 2029 1733 et

337 1762 530 1811 ortum
573 1774 694 1811 esse
735 1773 766 1811 e
809 1773 1047 1830 corpore
1089 1763 1148 1811 ct
1190 1754 1266 1811 ad
1306 1773 1513 1831 corpus
1553 1754 1770 1825 referri,
1805 1773 1910 1811 nec
1954 1754 2029 1812 ob

337 1852 465 1891 eam
504 1853 730 1891 causam
775 1853 892 1890 non
931 1832 1117 1890 mult-o
1160 1833 1408 1891 maiores
1448 1853 1568 1891 esse
1610 1842 1670 1892 et
1705 1834 2029 1910 voluptates

332 1921 396 1971 et
424 1913 650 1971 dolores
676 1913 856 1971 animi
884 1932 1054 1991 quain
1085 1914 1358 1991 corporis,
1434 1913 1587 1971 Nam
1617 1934 1854 1992 corpore
1883 1915 2027 1973 nihil

333 1993 446 2051 nisi
474 2013 759 2070 praesenS,
779 2000 838 2051 et
860 1994 1017 2072 quod
1045 1994 1223 2065 adest,
1251 1994 1460 2052 sentire
1490 2014 1810 2071 possumuS,
1832 1997 2026 2054 animo

332 2082 528 2132 autem
561 2082 620 2132 et
652 2076 959 2151 praeterita
1000 2081 1059 2133 et
1090 2075 1304 2132 futura.
1389 2074 1477 2133 Ut
1515 2075 1667 2132 enim
1712 2096 1889 2153 aeque
1929 2076 2027 2133 do-

332 2154 550 2212 leamus
593 2148 858 2233 [animo],
895 2174 1028 2212 cum
1071 2174 1318 2232 corpore
1353 2154 1631 2225 dolemuS‚
1667 2155 1790 2213 fieri
1831 2164 2024 2213 tamen

331 2253 647 2311 permagna
678 2236 1166 2312 accessiopotest,
1191 2235 1238 2292 si
1270 2235 1504 2312 aliquod
1533 2244 1827 2293 aeternum
1858 2244 1915 2293 et
1946 2237 2027 2293 in-

332 2314 562 2372 finitum
603 2315 936 2392 impendere
977 2315 1193 2372 malum
1238 2314 1408 2371 nobis
1451 2315 1767 2392 opinemur.
1854 2315 2026 2384 Quod

330 2394 483 2451 idem
521 2395 656 2452 licet
683 2395 990 2452 transferre
1023 2396 1085 2452 in
1117 2393 1491 2471 voluptatem,
1517 2403 1581 2452 ut
1614 2414 1681 2452 ea
1713 2396 1897 2453 maior
1930 2397 2022 2467 sit,

332 2474 380 2531 si
410 2474 556 2531 nihil
584 2474 696 2532 tale
731 2482 1070 2533 metuamus,
1161 2480 1253 2532 56.
1302 2473 1426 2531 Iam
1462 2475 1605 2532 illud
1635 2476 1867 2553 quidem
1904 2496 2027 2552 per-

331 2555 594 2631 spicuum
645 2561 748 2625 est,
778 2556 1090 2611 maximam
1142 2554 1323 2611 animi
1372 2563 1472 2612 aut
1521 2556 1874 2633 voluptatem
1926 2564 2026 2614 aut

320 2633 657 2691 molestiam
685 2635 815 2712 plus
843 2642 944 2692 aut
972 2636 1045 2693 ad
1067 2634 1298 2693 beatam
1326 2643 1428 2693 aut
1455 2636 1528 2693 ad
1557 2637 1822 2694 miseram
1848 2636 2025 2693 vitam

330 2715 533 2771 afferre
567 2715 848 2773 momenti
879 2734 1051 2792 quam
1081 2736 1281 2774 eorum
1311 2717 1609 2787 utrumviS‚
1636 2718 1684 2772 si
1717 2735 1895 2793 aeque
1925 2716 2026 2773 diu

330 2794 408 2851 sit
448 2794 509 2850 in
553 2812 807 2871 corpore.
895 2794 953 2852 N
956 2815 1031 2851 on
1068 2796 1256 2872 placet
1297 2804 1507 2866 autem,
1540 2795 2027 2872 detractassvolup-

328 2881 466 2943 tate,
487 2874 909 2950 aegritudinem
940 2876 1137 2932 statim
1168 2876 1459 2952 consequi,
1485 2876 1593 2931 nisi
1623 2875 1680 2930 in
1714 2874 2027 2952 voluptatis

329 2952 523 3010 locum
573 2953 739 3011 dolor
787 2954 939 3011 forte
995 2955 1365 3025 successerit3
1423 2962 1483 3012 at
1531 2961 1732 3012 contra
1778 2956 2026 3032 gaudere

329 3039 561 3090 nosmet
610 3033 948 3090 omittendis
998 3033 1313 3104 doloribuS‚
1351 3034 1577 3090 etiamsi
1625 3034 1891 3112 voluptas
1941 3055 2024 3106 ea,

334 3135 481 3192 quae
516 3135 741 3174 sensum
780 3125 1023 3187 moveat,
1051 3118 1207 3175 nulla
1241 3120 1606 3189 successerit;
1649 3139 1832 3198 eoque
1861 3111 2023 3180 intel-

326 3195 450 3272 ·legi
471 3204 680 3273 potest,
703 3203 918 3275 quanta
946 3196 1212 3273 voluptas
1243 3198 1318 3254 sit
1345 3216 1461 3254 non
1486 3197 1694 3257 dolere.
1775 3201 1868 3258 5-7.
1908 3201 2023 3258 Sed
