2259 3467
800 124 942 182 LIB.
971 124 1032 184 1.‚
1062 124 1222 173 CAP.
1250 124 1371 185 IX.,
1399 124 1466 172 X.
1915 127 1981 175 15

287 229 530 287 minima
561 228 805 294 veniam,
831 228 962 306 quis
994 234 1259 286 nostrum
1302 228 1769 287 exercitationem
1803 229 1995 288 ullam:

287 310 544 386 corporis
588 309 828 386 suscipit
879 308 1241 380 laboriosam,
1272 309 1383 365 nisi
1425 317 1491 366 ut
1539 309 1759 387 aliquid
1807 330 1877 368 ex
1914 330 1990 368 ea·

287 390 582 448 commodi
611 390 1028 466 consequatur?
1071 389 1200 466 quis
1228 396 1419 445 autem
1455 389 1540 446 vel
1575 409 1706 447 eum
1743 390 1864 453 iure
1900 410 1980 447 re-

287 470 672 547 prehenderit,
695 470 793 547 qui
821 471 881 525 in
907 489 974 526 ea
996 469 1292 546 voluptate
1316 469 1452 526 velit
1480 489 1618 539 esse,
1641 489 1808 547 quam
1833 470 1981 527 nihil

288 550 584 607 molestiae
629 556 1026 627 consequatur,
1059 548 1149 605 vel
1193 549 1376 618 illum,
1409 550 1508 626 qui
1547 548 1805 607 dolorem
1849 569 1979 608 eum

287 631 497 707 fugiat,
529 649 643 707 quo
694 629 958 707 voluptas
1006 629 1165 687 nulla
1211 628 1500 705 pariatur?
1584 635 1676 688 33.
1722 630 1808 688 At
1848 650 1983 687 vero

290 730 389 767 eos
417 717 476 768 et
503 729 833 767 accusamus
862 717 920 767 et
948 710 1101 767 iusto
1131 709 1269 766 odio
1299 708 1670 785 dignissimos
1698 709 1981 781 ducimuS,

292 791 390 867 qui
420 789 715 847 blanditiis
745 790 1126 866 praesentium
1157 789 1518 865 voluptatum
1545 784 1786 847 deleniti
1812 797 1983 868 atque

291 871 561 962 corrupti,
595 890 741 947 quos
781 870 1009 927 dolores
1053 876 1111 927 et
1159 888 1299 946 quas
1350 869 1640 927 molestias
1689 871 1982 948 excepturi

292 951 424 1021 sint,
463 950 745 1007 occaecati
794 949 1113 1027 cupiditate
1165 967 1281 1006 non
1330 949 1656 1026 provident,
1695 950 1984 1028 similique

292 1038 428 1088 sunt
461 1032 521 1086 in
551 1029 734 1106 culpa,
762 1030 861 1106 qui
896 1029 1084 1087 officia
1116 1030 1388 1087 deserunt
1420 1029 1667 1088 mollitia
1701 1031 1897 1101 animi,
1924 1030 1989 1089 id·

292 1118 396 1180 est,
428 1109 688 1167 laborum
724 1118 783 1166 et
816 1109 1081 1167 dolorum
1126 1109 1283 1186 fuga.
1370 1110 1448 1167 Et
1497 1110 1700 1168 harum
1750 1111 1982 1188 quidem

292 1209 478 1248 rerum
511 1190 698 1247 facilis
727 1197 814 1247 est
841 1197 901 1247 et
919 1189 1198 1267 expedita
1226 1190 1540 1248 distinctio.
1617 1189 1764 1247 Nam
1804 1190 1984 1249 libero

291 1278 568 1348 tempore,
593 1290 725 1328 cum
754 1269 943 1327 soluta
964 1270 1132 1327 nobis
1162 1277 1249 1327 est
1270 1270 1521 1346 eligendi
1551 1270 1716 1347 optio
1738 1289 1985 1348 cumque

292 1350 436 1408 nihil
482 1350 744 1427 impedit,
769 1369 885 1427 quo
918 1351 1112 1407 minus
1157 1349 1234 1421 id,
1268 1351 1424 1427 quod
1458 1352 1705 1408 maxime
1743 1350 1983 1427 placeat,

291 1432 483 1489 facere
518 1432 821 1507 possimuS,
846 1430 1036 1487 omnis
1070 1429 1335 1507 voluptas
1368 1430 1710 1488 assumenda
1737 1438 1844 1492 est.
1866 1450 1987 1487 om-

292 1512 383 1567 nis
417 1511 584 1568 dolor
624 1510 1001 1587 repellendus·
1086 1509 1470 1586 Temporibus
1514 1519 1706 1567 autem
1756 1510 1986 1587 quibus-

294 1591 427 1647 dam
463 1596 521 1647 et
554 1596 655 1646 aut
689 1589 891 1646 officiis
925 1589 1138 1647 debitis
1179 1596 1280 1646 aut
1321 1609 1508 1646 rerum
1551 1591 1986 1648 necessitatibus

295 1689 463 1745 saepe
506 1670 746 1738 eveniet,
776 1676 842 1725 ut
874 1677 933 1725 et
965 1669 1293 1745 voluptates
1336 1668 1723 1744 repudiandae
1770 1670 1885 1726 sint
1927 1678 1987 1728 et

296 1749 593 1806 molestiae
622 1767 738 1805 non
769 1748 1130 1806 recusandae.
1215 1747 1420 1825 Itaque
1449 1767 1641 1805 earum
1671 1767 1858 1806 rerum
1891 1749 1986 1808 hic

295 1836 525 1885 tenetur
557 1847 591 1884 a
625 1828 882 1905 sapiente
917 1826 1187 1898 delectum,
1215 1835 1282 1885 ut
1315 1834 1415 1884 aut
1454 1828 1756 1885 reiciendis
1791 1829 1987 1906 volup-

295 1908 514 1965 tatibus
569 1908 814 1964 maiores
861 1907 1000 1965 alias
1044 1915 1428 1985 consequatur
1474 1915 1576 1966 aut
1628 1909 1987 1986 perferendis

294 1987 589 2045 doloribus
638 1988 955 2064 asperiores
1002 1986 1255 2064 repellat.
1343 1992 1433 2045 34.
1480 1987 1650 2045 Hanc
1698 2008 1808 2066 ego
1851 2009 1981 2048 cum

292 2079 519 2126 teneam
564 2068 927 2139 sententiam,
953 2068 1093 2145 quid
1140 2075 1242 2136 est,
1268 2087 1369 2125 cur
1400 2087 1609 2139 verear,
1634 2088 1707 2126 ne
1739 2070 1813 2127 ad
1856 2089 1983 2128 eam

292 2168 410 2205 non
452 2149 670 2225 possim
706 2148 1141 2205 accommodare
1174 2148 1498 2225 Torquatos
1531 2151 1796 2208 nostros?
1838 2149 1984 2228 quos

292 2236 358 2286 tu
400 2228 572 2306 paulo
607 2235 741 2285 ante
777 2247 908 2285 cum
943 2229 1293 2300 memoriter,
1326 2238 1449 2285 tum
1490 2229 1670 2286 etiam
1701 2249 1837 2306 erga
1877 2250 1984 2287 nos

293 2310 476 2366 amice
505 2318 564 2366 et
596 2308 872 2366 benevole
901 2308 1218 2385 collegisti3
1262 2328 1367 2366 nec
1401 2328 1495 2365 me
1523 2316 1717 2381 tamen
1752 2310 1986 2368 laudan-

293 2389 384 2447 dis
417 2388 729 2446 maioribus
763 2389 906 2445 meis
947 2389 1253 2466 corrupisti
1288 2407 1392 2446 nec
1421 2390 1741 2465 segniorem
1787 2390 1860 2447 ad
1903 2410 1985 2447 re-

293 2468 696 2545 spondendum
725 2468 1044 2526 reddidisti.
1130 2468 1391 2538 Quorum
1424 2470 1582 2526 facta
1614 2470 1984 2546 quemadmo-

293 2549 451 2617 dum,
474 2568 702 2625 quaeSO,
732 2549 1161 2625 interpretaris?
1243 2548 1433 2606 Sicine
1455 2567 1554 2606 eos
1575 2568 1770 2607 censes
1798 2558 1899 2607 aut
1921 2551 1981 2607 in

293 2637 575 2686 armatum
601 2629 824 2685 hostem
852 2630 1130 2705 impetum
1156 2629 1359 2686 fecisse
1380 2638 1481 2686 aut
1499 2630 1557 2686 in
1579 2624 1787 2686 liberos
1808 2637 1982 2707 atque

293 2709 353 2766 in
394 2709 725 2785 sangvinem
763 2728 928 2765 suum
964 2718 1084 2767 tam
1119 2709 1376 2766 crudeles
1408 2709 1604 2782 fuisse,
1631 2709 1777 2766 nibil
1809 2716 1876 2767 ut
1909 2709 1982 2767 de

292 2788 656 2860 utilitatibus,
688 2788 831 2845 nihil
879 2798 943 2845 ut
984 2789 1055 2846 de
1097 2788 1421 2846 commodis
1463 2790 1582 2846 suis
1623 2789 1982 2881 cogitarent?

292 2869 378 2926 At
417 2869 480 2926 id
520 2888 593 2926 ne
637 2869 793 2926 ferae
823 2869 1054 2945 quidem
1076 2869 1316 2939 faciunt,
1344 2877 1408 2925 ut
1457 2869 1540 2926 ita
1577 2876 1746 2926 ruant
1788 2870 1985 2950 itaque

290 2947 544 3017 turbent,
570 2954 650 3018 ut,
675 2967 867 3005 earum
899 2958 1092 3005 motus
1120 2957 1180 3006 et
1207 2950 1459 3025 impetus
1487 2968 1603 3041 quo
1637 2949 1979 3026 pertineant,
2011 2950 2016 2954 ’

266 3035 409 3084 ‘non
439 3028 871 3104 intellegamu33
914 3033 978 3084 tu
1008 3035 1125 3085 tam
1164 3029 1424 3104 egregios
1453 3028 1605 3085 viros
1633 3048 1828 3086 censes
1860 3037 1987 3087 tan-

289 3116 382 3164 tas
415 3127 503 3164 res
535 3109 775 3183 gessisse
803 3106 924 3164 sine
958 3109 1167 3164 causa?
1251 3114 1348 3164 350
1389 3107 1548 3176 Quae
1582 3109 1761 3165 fuerit
1794 3126 1982 3178 causa,

290 3207 428 3243 mox
465 3188 693 3259 vider03
728 3188 945 3244 interea
977 3187 1087 3244 hoc
1123 3186 1348 3258 teneb0,
1374 3188 1422 3243 si
1457 3187 1533 3243 ob
1570 3188 1818 3264 aliquam
1856 3207 1999 3244 cau-v
