2259 3467
730 116 870 173 Lm.
901 123 989 185 V.,
1020 122 1177 173 CAP.
1208 123 1578 174 xva-xm.
1916 120 2014 175 167

325 230 603 285 svavitate
635 224 905 283 videntur
938 231 1038 283 aut
1070 224 1328 283 novitate
1365 224 1612 303 quadam
1647 231 1706 283 et
1740 217 2013 284 varietate

324 306 595 366 cantandi
624 324 886 363 revocare
916 325 1014 363 eos
1043 305 1261 377 solitae,
1288 306 1386 383 qui
1415 304 2009 383 praetervehebantur,

325 387 427 446 sed
456 387 593 465 quia
618 385 801 443 multa
829 405 890 444 se
919 387 1061 444 scire
1089 384 1526 463 profitebantur,
1551 392 1618 443 ut
1645 385 1910 444 homines
1938 386 2012 444 ad

323 486 519 525 earum
550 485 686 524 saxa
712 466 972 524 discendi
1000 485 1069 525 cu
1117 465 1321 524 iditate
1354 465 1836 525 adhaerescerent.
1922 465 2014 523 Ita

325 547 481 606 enim
502 547 772 604 ‘invitant
804 545 1041 605 Ulixem
1106 565 1240 603 nam
1275 547 1437 620 verti,
1467 553 1535 605 ut
1573 546 1855 625 quaedam
1889 546 2014 604 Ho-

324 628 485 700 meri,
509 627 590 685 sic
618 626 793 685 istum
822 626 1013 703 ipsum
1042 623 1298 704 locum):

390 771 437 822 Ο
460 770 610 821 decus
636 770 944 833 Argolicum,
963 771 1084 834 quin
1104 769 1309 834 puppim
1333 770 1505 832 flectiS‚
1527 770 1719 833 UlixeS,

389 838 612 886 Auribus
636 845 692 885 ut
714 845 910 885 nostros
932 837 1089 899 possis
1112 851 1380 898 agnoscere
1404 845 1579 886 cantus
1596 838 1620 886 Ρ

391 903 521 951 Num
546 917 693 951 nemo
719 901 842 951 haec
868 914 1105 965 umquam
1128 910 1206 950 est
1229 910 1538 951 transvectus
1560 902 1762 952 caerula
1783 915 1947 964 cursu,

390 968 524 1029 Quin
546 968 682 1031 prius
705 967 919 1016 astiterit
941 982 1117 1017 vocum
1144 967 1405 1017 dulcedine
1427 978 1616 1031 captuS‚

390 1035 532 1094 Post,
554 1032 704 1082 variis
725 1033 874 1081 avido
896 1034 1104 1082 satiatus
1125 1044 1326 1096 pectore
1348 1033 1517 1095 musis,

390 1098 601 1148 Doctior
621 1099 686 1148 ad
710 1098 895 1161 patrias
917 1099 1085 1161 lapsus
1107 1099 1385 1162 pervenerit
1408 1115 1536 1149 oras·

389 1165 497 1214 Nos
518 1180 668 1226 grave
693 1174 944 1214 certamen
970 1165 1083 1213 belli
1106 1164 1399 1228 clademque
1423 1173 1666 1228 tenemuS,

393 1230 607 1280 Graecia
628 1245 778 1294 quum
801 1230 982 1279 Troiae
1003 1230 1172 1280 divino
1200 1232 1403 1279 numine
1426 1231 1579 1293 vexit,

390 1296 671 1360 Omniaque
692 1311 721 1346 e
743 1295 856 1344 latis
878 1310 1042 1345 rerum
1064 1296 1274 1357 vestigia
1296 1296 1453 1345 terris,

327 1431 499 1490 Vidit
533 1430 840 1501 HomeruS‚
873 1429 1103 1508 probari
1139 1430 1393 1489 fabulam
1430 1450 1547 1488 non
1590 1448 1775 1508 posse,
1808 1434 1854 1487 si
1890 1448 2016 1488 can-

325 1511 602 1571 tiunculis
649 1518 846 1570 tantus
901 1511 1157 1569 irretitus
1205 1510 1293 1568 vir
1341 1518 1663 1581 teneretur;
1716 1510 2014 1568 scientiam

326 1591 688 1671 pollicentur,
714 1610 888 1669 quam
916 1610 1033 1649 non
1063 1598 1186 1650 erat
1213 1590 1424 1648 mirum
1459 1591 1773 1669 sapientiae
1802 1590 2016 1667 cupido

327 1673 517 1751 patria
556 1691 667 1730 esse
714 1674 1006 1731 cariorem.
1091 1672 1291 1749 Atque
1334 1671 1530 1729 omnia
1573 1671 1804 1748 quidem
1856 1670 2014 1742 scire,

328 1753 903 1831 cuiuscumquemodi
931 1753 1063 1824 sint,
1088 1771 1296 1829 cupere
1326 1753 1699 1820 curiosorum,
1720 1750 1853 1808 duci
1885 1769 2017 1807 vero

327 1833 611 1891 maiorum
647 1852 836 1891 rerum
871 1832 1361 1910 contemplatione
1394 1832 1468 1890 ad
1502 1831 1878 1909 cupiditatem
1915 1831 2020 1887 sci·

328 1914 518 1972 entiae
546 1932 902 1972 summorum
935 1913 1186 1971 virorum
1216 1919 1303 1970 est
1330 1912 1672 1989 putandum.

411 1993 581 2052 XIX.
668 2000 759 2052 50.
806 1993 991 2064 Quem
1036 1994 1190 2051 enim
1234 1993 1496 2051 ardorem
1547 1992 1727 2051 studii
1775 1990 2019 2050 censetis

330 2074 510 2132 fuisse
543 2074 604 2131 in
639 2073 1007 2146 Archimede,
1039 2074 1140 2152 qui
1181 2073 1321 2131 dum
1358 2074 1421 2131 in
1462 2073 1695 2151 pulvere
1738 2071 2018 2151 quaedam

330 2153 607 2214 describit
647 2155 941 2227 attentius,
972 2174 1045 2212 ne
1077 2155 1325 2232 patriam
1363 2154 1596 2232 quidem
1631 2161 1858 2231 captam
1897 2172 2020 2211 esse

331 2235 603 2293 senserit!
635 2243 913 2313 quantum
933 2235 1266 2292 Aristoxeni
1290 2235 1586 2313 ingenium
1610 2241 2018 2312 consumptum

331 2316 594 2374 videmus
626 2315 688 2372 in
722 2315 989 2373 musicis!
1035 2334 1151 2392 quo
1193 2315 1388 2373 studio
1424 2316 1878 2392 Aristophanem
1919 2333 2021 2391 pu-

330 2403 524 2455 tamus
551 2402 796 2454 aetatem
832 2396 892 2452 in
927 2395 1135 2453 litteris
1148 2395 1431 2453 -duxissel
1517 2394 1672 2463 Quid
1702 2395 1775 2452 de
1804 2394 2022 2469 Pytha-

331 2495 490 2554 gora,
523 2476 664 2554 quid
696 2475 770 2534 de
803 2476 1049 2534 Platone
1090 2482 1192 2532 aut
1225 2473 1298 2532 de
1331 2475 1671 2533 Democrito
1706 2474 1946 2551 loquar?
1987 2493 2022 2530 a

334 2556 545 2635 quibus
585 2565 821 2634 propter
861 2555 1121 2615 discendi
1164 2554 1541 2633 cupiditatem
1585 2554 1848 2613 videmus
1892 2552 2024 2610 ulti·

331 2656 459 2695 mas
490 2644 669 2695 terras
709 2656 830 2695 esse
872 2643 1218 2714 peragratas,
1305 2634 1465 2703 Quae
1508 2635 1608 2713 qui
1649 2653 1766 2691 non
1803 2633 2020 2705 vident,

333 2716 480 2775 nihil
508 2736 783 2795 umquam
819 2736 1094 2793 magnum
1128 2736 1194 2773 ac
1228 2715 1561 2793 cognitione
1594 2714 1836 2791 dignum
1874 2732 2025 2771 ama-

334 2804 555 2856 verunt.
640 2797 838 2875 Atque
878 2797 990 2854 hoc
1023 2797 1170 2868 1000,
1204 2797 1303 2874 qui
1336 2804 1573 2873 propter
1612 2794 1790 2852 animi
1826 2792 2025 2870 volup-

333 2885 485 2936 tates
506 2877 617 2936 coli
640 2877 842 2935 dicunt
863 2896 930 2935 ea
957 2876 1164 2948 studia,
1191 2896 1335 2954 quae
1357 2876 1494 2947 dixi,
1517 2895 1631 2934 non
1661 2873 2023 2949 intellegunt,

335 2958 550 3016 idcirco
580 2978 700 3015 esse
729 2976 796 3015 ea
823 2963 1059 3034 propter
1086 2977 1146 3014 se
1176 2957 1511 3033 expetenda,
1539 2956 1697 3033 quod
1725 2954 1882 3011 nulla
1915 2954 2025 3010 uti-

334 3038 498 3097 litate
533 3038 759 3097 obiecta
791 3037 1147 3095 delectentur
1178 3037 1358 3093 animi
1391 3044 1564 3112 atque
1598 3036 1725 3113 ipsa
1766 3034 2022 3105 scientia,

335 3117 564 3177 etiamsi
593 3116 1092 3175 incommodatura
1120 3117 1213 3188 sit,
1233 3117 1536 3193 gaudeant.
1619 3121 1710 3173 51.
1744 3114 1858 3172 Sed
1884 3113 2025 3191 quid

334 3200 548 3258 attinet
582 3198 654 3256 de
696 3197 866 3255 rebus
899 3204 1017 3255 tarn
1054 3197 1269 3274 apertis
1303 3196 1467 3274 plura
1499 3196 1822 3276 requirere?
1905 3193 2028 3271 Ipsi
