2259 3467
747 119 886 170 LIB.
918 116 1008 183 V„
1039 121 1195 171 CAP.
1226 121 1672 174 XXIV.-XXVI.
1953 121 2051 175 177
2083 187 2090 194 ·

349 223 513 301 plina
539 222 717 301 digna
751 223 1025 281 studiosis
1058 225 1437 300 ingenuarum
1468 225 1695 296 artium,
1722 225 1901 303 digna
1927 244 2050 284 eru-

351 305 506 375 ditis,
532 304 710 382 digna
743 304 908 362 claris
943 305 1093 376 viriS,
1126 305 1304 382 digna
1343 305 1715 383 principibus»,
1748 306 1926 383 digna
1966 326 2049 365 re-

350 384 536 460 gibus,
618 386 711 442 75.
754 383 914 452 Quae
937 404 1065 442 cum
1090 385 1330 443 dixisset
1354 385 1701 463 paulumque
1725 386 2043 457 institisset,

351 464 505 534 Quid
535 465 659 524 est?
701 465 925 542 inquit3
970 465 1183 523 satisne
1212 465 1377 523 vobis
1403 466 1603 524 videor
1630 485 1735 544 pro
1766 485 1895 524 meo
1925 467 2045 525 iure

349 545 407 602 in
443 546 642 603 vestris
671 546 903 602 auribus
937 546 1397 603 commentatus?
1477 546 1555 603 Et
1584 563 1728 623 ego:
1772 546 1859 604 Tu
1890 566 2043 618 ver0,

348 624 604 702 inquam,
637 625 793 697 Piso,
825 634 887 683 ut
919 645 1087 701 saepe
1121 625 1277 697 alias,
1306 624 1390 683 'sic
1426 625 1597 684 hodie
1627 627 1709 684 ita
1736 645 1905 683 nosse
1936 627 2046 684 ista

350 706 504 762 visus
537 725 612 776 es,
644 712 728 775 ut,
760 705 807 762 si
841 706 929 762 tui
965 706 1131 762 nobis
1165 713 1422 783 potestas
1456 707 1683 784 saepius
1719 706 1894 777 fieret,
1927 725 2040 764 non

348 785 594 843 multum
619 786 853 844 Graecis
881 784 1323 863 supplicandum
1353 793 1635 863 putarem.
1722 786 1894 855 Quod
1924 789 2045 864 qui-

348 865 478 922 dem
525 884 593 924 eo
636 866 877 944 probavi
919 867 1118 943 magis,
1148 866 1283 943 quia
1315 866 1571 938 memini,
1604 867 1860 925 Staseam
1898 866 2045 925 Nea-

345 946 689 1023 politanum,
741 947 1037 1004 doctorem
1108 945 1272 1003 illum
1341 954 1529 1017 tuum,
1584 946 1835 1005 nobilem
1908 966 2043 1005 sane

347 1025 816 1104 Peripateticum,
847 1027 1144 1105 aliquanto
1192 1027 1302 1084 ista
1343 1047 1507 1086 secus
1551 1027 1738 1085 dicere
1786 1027 2039 1098 solitum,

346 1108 752 1166 assentientem
783 1108 870 1178 iis,
897 1107 996 1184 qui
1025 1107 1273 1165 multum
1308 1107 1370 1166 in
1399 1109 1637 1166 fortuna
1666 1107 1914 1165 secunda
1940 1115 2043 1166 aut

346 1186 597 1259 adversa,
629 1187 876 1245 multum
921 1189 981 1244 in
1015 1187 1187 1245 bonis
1228 1196 1328 1247 aut
1368 1188 1537 1246 malis
1578 1189 1834 1266 corporis
1866 1206 2045 1265 pone-

346 1275 490 1326 rent.
576 1267 698 1339 Est,
732 1273 796 1325 ut
829 1267 989 1339 dicis,
1021 1268 1248 1346 inquit3
1293 1269 1391 1326 sed
1434 1268 1576 1326 haec
1617 1268 1689 1326 ab
1725 1267 2038 1340 Antiocho,

345 1347 617 1405 familiari
666 1356 883 1419 nostr0,
918 1347 1194 1406 dicuntur
1237 1349 1423 1406 multo
1472 1349 1677 1407 melius
1726 1358 1786 1407 et
1830 1349 2042 1407 fortius

348 1446 518 1504 quam
570 1447 604 1485 a
658 1428 856 1485 Stasea
909 1427 1264 1486 dicebantur.
1351 1428 1712 1507 Quamquam
1762 1448 1871 1506 ego
1921 1448 2039 1487 non

345 1527 576 1586 quaem,
603 1509 745 1586 quid
776 1508 885 1566 tibi
918 1528 953 1565 a
985 1528 1078 1565 me
1112 1508 1422 1586 probatum
1457 1510 1548 1581 sit,
1575 1508 1677 1567 sed
1712 1509 1844 1567 huic
1879 1508 2039 1568 Cice·

344 1588 474 1646 roni
505 1598 719 1661 nostro,
747 1607 914 1667 quem
947 1588 1293 1664 discipulum
1325 1589 1497 1665 cupio
1526 1609 1560 1646 a
1586 1596 1645 1647 te
1674 1589 1968 1647 abducere.

344 1687 351 1692 ·
427 1668 656 1728 XXVI.
743 1668 834 1727 76.
879 1669 1027 1727 Tum
1067 1668 1315 1728 Lucius:
1368 1669 1514 1726 Mihi
1553 1688 1685 1727 vero
1727 1669 1839 1727 ista
1875 1668 2039 1728 valde

345 1748 589 1825 probata
642 1756 792 1820 sunt,
826 1749 983 1827 quod
1032 1750 1171 1806 item
1228 1749 1393 1808 fratri
1450 1757 1608 1828 puto,
1692 1749 1844 1807 Tum
1892 1750 2039 1807 mihi

346 1829 522 1887 l’iso:
581 1829 736 1899 Quid
792 1831 971 1906 ergo?
1026 1830 1254 1907 inquit;
1312 1830 1488 1888 dasne
1542 1829 1893 1888 adulescenti
1952 1849 2040 1888 ve·

346 1910 544 1967 niam?
592 1929 662 1966 an
715 1929 845 1968 eum
891 1909 1105 1967 discere
1156 1930 1223 1967 ea
1270 1911 1469 1982 mavis,
1501 1929 1647 1988 quae
1695 1929 1826 1968 cum
1869 1910 2039 1988 plane

344 1988 730 2066 perdidicerit,
776 1989 919 2047 nihil
970 1990 1154 2048 sciat?
1254 1990 1383 2066 Ego
1433 2010 1568 2049 vero
1621 1990 1735 2061 isti,
1780 1991 2035 2069 inquam,

346 2071 655 2145 permitt03
692 2070 790 2128 sed
820 2088 1015 2128 nonne
1044 2069 1377 2140 meministi,
1403 2070 1570 2129 licere
1600 2071 1744 2129 mihi
1773 2071 1885 2129 ista
1911 2090 2040 2149 pro³-

346 2149 496 2222 bare,
530 2169 674 2228 quae
715 2158 851 2208 sunt
889 2171 923 2208 a
959 2159 1018 2208 te
1057 2151 1255 2209 dicta?
1335 2151 1478 2221 Quis
1519 2153 1673 2210 enim
1717 2159 1912 2230 potest
1952 2171 2035 2224 ea,

346 2248 490 2307 quae
515 2230 832 2308 probabilia
855 2231 1157 2289 videantur
1184 2231 1253 2302 ei,
1278 2250 1392 2288 non
1424 2232 1704 2309 probare?
1765 2234 1859 2290 An
1886 2252 2034 2304 vem,

346 2310 551 2388 inquit,
585 2311 883 2389 quisquam
936 2318 1129 2388 potest
1183 2311 1442 2387 probare,
1475 2312 1633 2389 quod
1681 2320 2034 2390 perceptum,

346 2390 503 2467 quod
552 2391 1050 2468 comprehensum,
1088 2392 1246 2468 quod
1294 2392 1593 2468 cognitum
1650 2411 1767 2449 non
1821 2391 2038 2450 habeti

345 2469 479 2527 Non
516 2478 604 2528 est
637 2471 762 2542 ista,
787 2472 1041 2549 inquam,
1066 2471 1223 2543 Piso,
1250 2490 1460 2548 magna
1493 2471 1788 2529 dissensio,
1875 2472 2036 2529 Nihil

344 2557 432 2608 est
460 2550 613 2608 enim
650 2550 823 2623 aliud,
850 2551 1222 2629 quamobrem
1260 2551 1403 2608 mihi
1441 2551 1659 2629 percipi
1693 2551 1839 2609 nihil
1868 2570 2037 2629 posse

344 2631 622 2702 videatur,
664 2631 774 2688 nisi
819 2633 974 2709 q‘uod
1017 2631 1371 2708 percipiendi
1420 2632 1507 2689 vis
1554 2632 1637 2689 ita
1685 2631 1957 2689 definitur
2005 2651 2040 2689 a

345 2709 573 2783 Stoicis,
604 2717 672 2767 ut
713 2719 926 2787 negent
961 2710 1274 2789 quidquam
1319 2730 1488 2789 posse
1520 2711 1739 2789 percipi
1782 2712 1890 2769 nisi
1924 2711 2038 2770 tale

344 2808 558 2861 verum,
593 2790 757 2868 quale
799 2790 1009 2848 falsum
1052 2810 1175 2849 esse
1218 2810 1331 2848 non
1369 2792 1567 2869 possit.
1654 2792 1857 2870 Itaque
1898 2791 2038 2850 haec

344 2888 475 2927 cum
511 2870 624 2927 illis
658 2877 745 2928 est
778 2870 1074 2942 dissensi0,
1099 2890 1232 2928 cum
1263 2871 1662 2950 Peripateticis
1694 2873 1852 2931 nulla
1884 2891 2035 2930 sane.

342 2949 460 3008 Sed
495 2949 633 3008 haec
676 2951 1047 3022 omittamus;
1091 2950 1309 3009 habent
1345 2952 1497 3010 enim
1535 2960 1593 3011 et
1627 2953 1770 3011 bene
1803 2953 2035 3029 longam

344 3037 404 3087 et
442 3031 579 3088 satis
616 3030 927 3106 litigiosam
969 3031 1461 3108 disputationem
1508 3032 1600 3091 77.
1645 3032 1788 3091 illud
1824 3032 1971 3090 mihi
2004 3052 2039 3090 a

340 3117 403 3168 te
433 3111 678 3168 nimium
710 3111 1052 3168 festinanter
1080 3111 1302 3168 dictum
1332 3112 1573 3184 videtur,
1599 3113 1884 3190 sapientes
1917 3131 2039 3170 om-

340 3209 447 3248 nes
489 3209 611 3249 esse
652 3210 877 3268 semper
910 3191 1126 3250 beatos
1212 3191 1423 3250 Nescio
1457 3192 1750 3270 quomodo
1791 3198 2039 3270 praeter-
