2259 3467
681 123 820 173 LIB.
849 123 947 186 Π.,
976 121 1135 173 CAP.
1165 119 1643 171 XXV111.-XXX.
1942 123 2005 170 (39

323 223 478 283 Huic
507 223 790 303 Epicurus
817 229 1159 302 praecentet,
1185 224 1234 282 si
1260 229 1470 301 potest,
1494 223 1589 281 cui

610 351 668 401 E
686 354 903 417 viperino
925 370 1092 403 morsu
1113 368 1269 403 venae
1290 354 1531 403 viscerum

608 420 820 470 Veneno
841 421 1063 470 imbutae
1085 428 1270 469 taetros
1294 420 1540 469 cruciatus
1565 420 1725 469 cient!

323 538 419 598 Sic
447 539 762 616 Epicurus:
807 538 1189 598 “Philocteta
1222 539 1307 598 st!
1389 538 1592 597 Brevis
1619 538 1839 597 dolor.”
1923 539 2008 598 At

322 620 435 677 iam
468 620 753 678 decimum
783 638 996 678 annum
1025 619 1089 676 in
1116 619 1387 697 spelunca
1412 620 1574 677 iacet.
1635 620 1670 648 ‘⁴
1689 619 1752 677 si
1780 618 2005 696 longus,

321 699 497 772 levis;
539 700 641 758 dat
668 699 819 758 enim
849 699 1148 758 intervalla
1174 706 1233 757 et
1261 698 1528 757 relaxat.''
1613 704 1705 757 95.
1743 698 2006 756 Primum

321 798 441 837 non
483 799 668 858 saepe,
704 779 912 837 deinde
954 774 1099 857 quae
1147 786 1237 837 est
1282 779 1396 837 ista
1440 778 1731 849 relaxatiO,
1768 798 1898 836 cum
1949 789 2008 837 et

321 860 616 937 praeteriti
643 860 860 918 doloris
893 860 1169 918 memoria
1197 877 1391 917 recens
1424 866 1511 917 est
1538 865 1597 917 et
1623 859 1807 917 futuri
1835 865 2007 935 atque

320 939 711 1018 impendentis
738 946 970 1017 torquet
997 939 1211 997 timor?
1278 938 1572 1009 Moriatur,
1597 939 1803 1017 inquit.
1863 939 2009 996 ⁴For·

320 1026 472 1077 tasse
503 1020 568 1078 id
601 1020 904 1098 optimum,
936 1019 1038 1078 sed
1069 1018 1173 1078 ubi
1205 1018 1381 1076 illud:
1428 1019 1462 1047 ‘⁴
1481 1018 1621 1077 Plus
1654 1038 1880 1096 semper
1911 1038 2008 1076 vo-

320 1099 561 1177 luptatis
581 1099 635 1158 P'
719 1099 782 1158 Si
815 1100 970 1157 enim
1003 1100 1087 1156 ita
1122 1105 1227 1171 est,
1260 1098 1405 1169 vide,
1438 1117 1510 1156 ne
1546 1099 1771 1156 facinus
1808 1099 2003 1171 faciae,

320 1198 453 1237 cum
482 1179 628 1235 mori
664 1180 911 1237 svadeas.
997 1179 1204 1237 Potius
1235 1197 1373 1254 ergo
1406 1178 1504 1236 illa
1536 1179 1815 1249 dicantur,
1839 1185 2006 1255 turpe

320 1278 458 1331 esse,
486 1258 596 1316 -viri
635 1278 751 1316 non
788 1278 909 1317 esse
942 1258 1231 1316 debilitari
1269 1259 1482 1329 dolore,
1513 1258 1722 1335 frangi,
1752 1278 2007 1316 succum-

319 1338 468 1397 bere.
552 1338 705 1395 Nam
737 1339 849 1396 ista
880 1345 1102 1397 vestra:
1148 1337 1271 1395 “Si
1301 1339 1508 1415 graviS‚
1539 1338 1759 1411 brevis3
1803 1338 1852 1395 si
1885 1337 2008 1395 lon-

318 1437 443 1495 guS,
467 1418 608 1477 levis
624 1418 658 1446 ”
690 1419 905 1476 dictata
932 1425 1081 1476 sunt.
1152 1417 1422 1487 Virtutis,
1447 1417 1863 1494 magnitudinis
1889 1418 2006 1476 ani-

320 1499 418 1569 mi,
455 1497 784 1576 patientiae,
820 1498 1184 1556 fortitudinis
1222 1497 1501 1556 fomentis
1541 1497 1707 1555 dolor
1750 1498 2006 1575 mitigari

320 1578 483 1635 solet.

402 1656 600 1713 XXX.
686 1661 779 1714 96.
823 1655 1000 1724 Audi,
1029 1674 1104 1712 ne
1138 1654 1309 1733 longe
1341 1654 1559 1726 abeam,
1582 1655 1834 1713 moriens
1867 1656 2006 1733 quid

323 1735 479 1792 dicat
520 1734 819 1812 Epicurus,
853 1742 918 1793 ut
957 1734 1271 1810 intellegere,
1308 1734 1463 1791 facta
1502 1735 1624 1792 eius
1664 1754 1795 1792 cum
1838 1736 2008 1794 dictis

323 1814 680 1892 discrepare:
737 1814 1036 1888 Epicurus
1075 1814 1434 1871 Hermarcho
1479 1812 1545 1872 S.
1641 1814 1787 1871 Cum
1827 1834 2009 1888 aqere-

320 1912 469 1964 mue,
489 1894 697 1972 inquit,
718 1896 867 1951 vitae
895 1895 1116 1952 beatum
1146 1901 1199 1951 et
1224 1894 1458 1951 eundem
1488 1912 1816 1968 supremum
1837 1897 2003 1966 diem,

319 1974 695 2031 scribebamus
734 1974 882 2032 haec.
977 1973 1155 2031 Tanti
1194 1974 1434 2030 aderant
1473 1975 1680 2031 vesicae
1719 1982 1773 2031 et
1815 1978 2006 2032 tormi-

216 2101 223 2108 .
318 2072 461 2109 num
495 2053 693 2125 morbi,
719 2061 787 2109 ut
818 2054 972 2111 nihil
998 2054 1077 2109 ad
1107 2072 1302 2111 eorum
1335 2054 1789 2126 maqnitudinem
1813 2065 2005 2130 posset

318 2133 581 2192 accedere.
666 2133 939 2191 Miserum
981 2132 1316 2191 hominem!
1399 2133 1463 2192 Si
1504 2134 1671 2191 dolor
1714 2155 2003 2194 summum

320 2212 535 2270 malum
579 2218 681 2285 est,
717 2213 833 2271 dici
874 2214 1039 2271 aliter
1079 2233 1198 2271 non
1241 2220 1447 2290 potest.
1550 2213 1672 2271 Sed
1706 2216 2005 2273 audiamus

319 2292 527 2368 ipsum.
614 2292 1112 2367 Compensabatur,
1143 2294 1349 2371 inquit,
1384 2302 1570 2351 tamen
1601 2313 1731 2350 cum
1765 2296 1855 2353 his
1892 2315 2006 2352 om-

318 2373 489 2429 nibus
536 2373 722 2429 animi
771 2374 1011 2444 laetitia,
1042 2392 1219 2447 quam
1261 2374 1547 2447 capiebam
1595 2376 1868 2432 memoria
1913 2394 2006 2430 ra-

324 2453 544 2508 tionum
577 2453 1044 2527 inventorumque
1083 2461 1425 2511 nostrorum.
1516 2451 1635 2511 Sed
1671 2462 1750 2524 tu,
1781 2451 1851 2509 ul
1882 2455 2005 2527 diq-

318 2551 463 2588 num
500 2540 581 2589 est
617 2540 719 2588 tua
758 2552 890 2606 erya
932 2552 1020 2590 me
1059 2540 1113 2589 et
1148 2533 1573 2607 philosophiam
1607 2534 1897 2590 voluntate
1932 2534 2005 2589 ab

320 2612 741 2670 adulescentulo
781 2620 1053 2686 suscepta,
1074 2613 1200 2687 sac,
1237 2621 1305 2669 ut
1342 2613 1665 2670 „Metrodori
1709 2620 1897 2669 tueare
1939 2612 2006 2667 li-

321 2691 490 2749 beros.
576 2691 670 2750 97.
714 2691 850 2750 Non
884 2712 994 2767 ego
1027 2693 1143 2749 iam
1178 2692 1629 2769 Epaminondae,
1653 2711 1769 2749 non
1804 2690 2006 2749 Leoni-

321 2771 429 2829 dae
472 2778 715 2829 mortem
758 2772 930 2830 huius
976 2772 1154 2830 morti
1202 2780 1530 2850 antepono;
1579 2790 1822 2849 quorum
1864 2770 2007 2828 alter

320 2870 453 2909 cum
489 2852 718 2910 vicisset
750 2851 1234 2912 Lacedaemonios
1266 2851 1420 2930 apud
1451 2851 1799 2908 Mantineam
1833 2856 2006 2925 atque

319 2931 447 3008 ipse
485 2931 644 3008 gravi
676 2931 908 2990 vulnere
948 2932 1260 2990 exanimari
1298 2950 1358 2988 se
1392 2931 1625 2999 videret,
1657 2936 1722 2986 ut
1754 2929 2006 3004 primum

320 3011 590 3088 dispexit,
617 3010 911 3088 quaesivit,
936 3011 1197 3069 salvusne
1229 3017 1380 3068 esset
1411 3009 1641 3084 clipeus.
1725 3008 1872 3064 Cum
1905 3007 2009 3075 sal-

320 3111 459 3149 vum
495 3111 615 3149 esse
649 3091 852 3149 flentes
884 3092 971 3148 sui
1005 3090 1449 3166 respondissent,
1480 3086 1720 3161 rogavit,
1745 3093 2007 3144 essentne
2105 3132 2108 3135 ⁴

320 3172 441 3230 fusi
470 3171 680 3230 hosteS.
748 3169 895 3228 Cum
926 3170 988 3228 id
1018 3187 1265 3246 quoque,
1288 3174 1351 3224 ut
1377 3165 1659 3243 cupiebat,
1680 3165 2006 3234 audivisset,

534 3259 567 3310 6
