2259 3467
17 3315 261 3397 Γῆ..

276 88 369 139 128
435 89 535 139 DE
567 88 859 140 FINIBUS
891 87 1246 140 BONORUM
1280 87 1374 137 ΕΤ
1405 43 1787 139 anLORUM.

270 190 525 248 hominis
557 191 848 249 institutio
881 192 929 247 si
962 191 1307 268 loqueretur,
1331 189 1442 247 hoc
1476 189 1706 263 diceret,
1736 183 1961 268 primos

273 291 406 329 suos
428 271 587 350 quasi
611 279 849 348 coeptus
869 271 1182 348 appetendi
1203 271 1398 339 fuisse,
1418 276 1484 327 nt
1512 290 1571 328 se
1599 282 1961 331 conservaret

270 353 330 409 in
362 371 430 409 ea
456 359 672 422 natura,
699 352 759 408 in
789 370 902 429 qua
921 357 1082 408 ortus
1103 357 1267 408 esset.
1352 350 1630 408 Nondum
1651 358 1843 410 autem
1867 373 1962 411 ex-

271 430 568 509 planatum
597 432 735 488 satis
755 438 891 502 erat,
917 430 1056 508 quid
1083 430 1333 487 maxime
1355 437 1558 488 natura
1578 430 1762 490 vellet.
1809 473 1814 478 ·
1848 432 1961 490 Ex-

272 510 536 587 planetur
576 511 767 589 igitur.
859 510 1016 581 Quid
1055 529 1195 587 ergo
1236 510 1393 568 aliud
1434 510 1814 588 intellegetur,
1845 514 1958 571 nisi

271 592 453 648 utine
471 610 616 669 quae
643 609 774 668 pars
802 600 1037 648 naturae
1057 590 1433 668 neglegatur?
1514 589 1582 647 In
1607 611 1720 667 qna
1740 593 1788 649 si
1812 593 1958 650 nihil

271 679 358 728 est
398 678 621 748 praeter
661 671 960 742 rationem,
984 671 1061 728 sit
1102 671 1161 727 in
1203 690 1319 727 una
1358 671 1569 728 virtute
1610 671 1740 728 finis
1782 672 1962 730 bono-

271 770 433 822 rum,
418 770 430 782 ·
477 752 563 808 sin
608 758 694 809 est
735 752 909 808 etiam
953 770 1177 828 corpuS,
1202 751 1313 807 ista
1353 750 1678 828 explanatio
1721 761 1958 811 naturae

270 850 478 908 nempe
505 832 616 890 hoc
650 831 919 902 effecerit,
943 838 1009 888 ut
1042 850 1124 901 ea,
1151 849 1294 906 quae
1327 839 1462 887 ante
1495 830 1957 907 explanationem

269 912 621 983 tenebamus,
648 911 1046 989 relinquamus,
1132 910 1289 987 Ergo
1331 910 1394 967 id
1425 918 1512 968 est
1552 912 1960 970 convenienter

270 999 504 1049 naturae
539 992 743 1062 vivere,
775 1010 810 1048 a
844 998 1044 1048 natura
1077 990 1384 1048 discedere.
1470 996 1564 1049 42.
1602 990 1690 1049 Ut
1719 992 1957 1069 quidam

270 1070 619 1148 philosophi,
644 1090 794 1141 cum,
815 1091 849 1129 a
870 1070 1128 1129 sensibus
1149 1071 1414 1149 profecti,
1435 1071 1652 1128 maiora
1672 1073 1955 1164 quaedam

270 1158 329 1208 et
350 1151 632 1209 diviniora
651 1151 941 1223 vidissent,
967 1171 1166 1209 sensus
1186 1150 1553 1228 reliquerunt,
1578 1152 1659 1209 sic
1679 1152 1800 1223 isti,
1821 1172 1956 1210 cnm

270 1250 339 1288 ex
373 1232 728 1324 appetitione
756 1251 944 1289 rerum
981 1231 1210 1289 virtutis
1243 1231 1728 1309 pulchritudinem
1759 1252 1958 1309 aspex-

268 1311 464 1383 issent,
490 1312 699 1382 omnia,
725 1332 870 1389 quae
903 1318 1127 1389 praeter
1155 1312 1427 1369 virtutem
1460 1311 1643 1387 ipsam
1675 1312 1954 1385 viderant,

269 1390 614 1463 abiecerunt,
645 1391 810 1449 obliti
842 1401 1099 1449 naturam
1132 1411 1364 1450 omnem
1394 1391 1843 1468 appetendarum
1874 1412 1958 1450 re-

267 1490 395 1529 rum
441 1473 524 1530 ita
567 1472 678 1530 late
720 1479 929 1550 patere,
953 1479 1020 1530 ut
1067 1491 1102 1529 a
1142 1472 1440 1549 principiis
1480 1480 1841 1549 permanaret
1879 1473 1956 1530 ad

268 1550 429 1624 fineS,
453 1572 637 1629 neque
660 1552 1015 1628 intellegunt,
1041 1571 1100 1610 se
1120 1571 1308 1609 rerum
1333 1551 1557 1609 illarum
1586 1552 1954 1628 pulchrarum

268 1639 441 1710 atque
469 1632 891 1690 admirabilium
920 1632 1301 1690 fundamenta
1328 1631 1656 1691 subducere.
1863 1645 1872 1656 '

350 1711 516 1772 XVI.
602 1717 695 1771 43.
741 1711 944 1790 Itaque
985 1713 1128 1769 mihi
1173 1712 1442 1770 videntur
1474 1731 1675 1769 omnes
1717 1712 1952 1790 quidem

268 1791 350 1850 illi
380 1812 607 1863 errasse,
633 1793 730 1871 qui
753 1791 925 1850 finem
956 1792 1236 1851 bonorum
1268 1812 1389 1850 esse
1417 1792 1685 1851 dixerunt
1714 1793 1955 1851 honeste

268 1874 473 1945 vivere,
497 1874 597 1931 sed
624 1874 769 1932 alius
796 1873 907 1931 alio
929 1873 1146 1949 magis3
1190 1871 1419 1950 Pyrrho
1440 1872 1656 1931 scilicet
1683 1874 1950 1945 maxime,

271 1953 388 2030 qui,
413 1955 624 2011 virtute
664 1953 993 2023 constituta,
1016 1952 1161 2010 nihil
1204 1953 1459 2025 omnine,
1485 1952 1642 2030 quod
1682 1960 1956 2031 appeten-

269 2034 410 2091 dum
459 2034 550 2104 sit,
580 2033 897 2112 relinquat3
947 2033 1155 2091 deinde
1201 2033 1414 2104 Arist0,
1446 2033 1546 2111 qui
1593 2033 1737 2091 nihil
1787 2033 1956 2091 relin-

270 2132 440 2190 quere
481 2132 596 2170 non
631 2120 718 2170 est
757 2132 945 2185 ausus,
968 2113 1291 2171 introduxit
1323 2120 1534 2184 autem,
1559 2114 1767 2192 quibus
1800 2133 1956 2171 com-

266 2200 463 2250 motus
516 2193 742 2270 sapiens
799 2200 1095 2271 appeteret
1155 2193 1390 2271 aliquid,
1431 2194 1835 2271 quodcumque
1889 2195 1952 2251 in

268 2280 521 2330 mentem
565 2272 840 2331 incideret
881 2281 941 2331 et
981 2274 1387 2351 quodcumque
1421 2281 1715 2351 tamquam
1759 2293 1954 2332 occur-

268 2360 431 2411 reret.
516 2352 575 2410 Is
607 2352 717 2410 hoe
751 2352 954 2412 melior
995 2372 1167 2431 quam
1202 2353 1447 2430 Pyrrho,
1479 2354 1633 2431 quod
1671 2347 1810 2433 [vel]
1854 2354 1955 2412 ali-

268 2432 425 2510 quod
465 2452 647 2511 genus
688 2433 998 2512 appetendi
1039 2433 1219 2505 dedit,
1250 2434 1501 2492 deterior
1541 2453 1712 2511 quam
1755 2434 1949 2506 ceteri,

269 2514 424 2590 quod
452 2514 683 2591 penitus
715 2533 750 2571 a
783 2521 985 2572 natura
1018 2513 1261 2572 recessit.
1347 2513 1530 2572 Stoici
1556 2522 1768 2586 autem,
1793 2514 1953 2592 quod.

266 2592 439 2651 finem
480 2593 765 2652 bonorum
807 2594 868 2651 in
904 2613 1017 2650 una
1057 2594 1268 2652 virtute
1301 2601 1545 2671 ponunt,
1568 2595 1783 2652 similes
1816 2601 1954 2652 sunt

266 2672 532 2745 illorum,
593 2674 749 2752 quod
795 2681 984 2732 autem
1036 2674 1386 2752 principium
1432 2674 1606 2733 officii
1651 2683 1949 2752 quaerunt,

265 2753 470 2810 melius
503 2772 674 2830 quam
717 2752 978 2830 Pyrrh03
1022 2754 1180 2832 quod
1213 2773 1281 2812 ea
1311 2774 1428 2811 non
1463 2755 1819 2812 occurrentia
1850 2754 1954 2811 fin-

264 2839 429 2905 gunt,
453 2833 691 2891 vincunt
730 2833 1098 2905 Aristonem3
1143 2834 1299 2911 quod
1339 2841 1533 2892 autem
1575 2854 1659 2904 ea,
1690 2854 1836 2912 quae
1877 2835 1954 2893 ad

265 2916 527 2967 naturam
560 2912 995 2970 accommodata
1026 2920 1085 2971 et
1117 2932 1221 2990 per
1253 2933 1312 2972 se
1345 2914 1687 2972 assumenda
1719 2934 1840 2972 esse
1868 2915 1953 2973 di·

265 2994 420 3058 cunt,
446 3008 558 3046 non
588 2990 911 3067 adiungunt
937 2992 1011 3049 ad
1037 2991 1213 3050 finem
1240 2992 1543 3064 bonorum,
1567 2994 1891 3052 desciscunt
1918 3015 1955 3053 a

265 3073 469 3123 natura
495 3074 554 3124 et
587 3069 837 3144 quodam
871 3070 1048 3129 modo
1081 3079 1218 3130 sunt
1249 3092 1365 3130 non
1396 3073 1701 3131 dissimiles
1728 3074 1954 3132 Aristo-

263 3143 370 3201 nis,
454 3144 558 3203 Ille
591 3147 743 3204 enim
780 3150 1135 3208 occurrentia
1162 3153 1354 3211 nescio
1384 3171 1529 3230 quae
1558 3154 1954 3213 comminisce-
