2259 3467
749 151 888 199 LIB.
917 150 1012 211 ΙΙ.,
1042 148 1200 199 CAP.
1229 149 1565 198 XV.—XVII.
1942 152 2008 199 53

316 255 446 310 cum
480 254 544 309 in
582 252 862 310 tenebris?
942 252 1092 323 Hoc,
1124 249 1344 309 dictum
1381 252 1438 308 in
1475 270 1591 308 una
1623 270 1700 321 re,
1733 250 2008 308 latissime

317 341 495 410 patet,
520 340 587 390 ut
619 334 678 389 in
715 332 984 389 omnibus
1018 332 1189 389 factis
1222 351 1298 401 re,
1326 351 1441 389 non
1475 338 1621 389 teste
1657 350 2003 390 moveamur.

319 421 412 471 53.
458 413 606 471 Sunt
640 413 794 470 enim
833 411 980 470 levia
1021 419 1079 469 et
1117 411 1463 488 perinfirma,
1488 431 1633 489 quae
1671 411 2010 469 dicebantur.

317 514 352 550 a
399 501 475 565 te,
522 493 700 550 animi
755 492 1105 550 conscientia
1159 492 1455 568 improbos
1507 491 1833 563 excruciari,
1880 500 2004 549 tum

317 575 489 631 etiam
527 592 747 650 poenae
781 573 1004 643 timore,
1031 591 1145 650 qua
1178 580 1277 629 aut
1305 571 1624 628 afficiantur
1656 579 1756 629 aut
1783 591 2009 649 semper

318 654 433 711 sint
462 654 520 710 in
553 661 707 710 metu
740 672 811 710 ne
845 652 1166 709 afficiantur
1198 651 1522 728 aliquande.
1608 651 1665 708 N
1669 672 1741 711 on
1778 660 2008 730 oportet

315 734 589 791 timidum
619 741 719 790 aut
746 732 1034 790 imbecillo
1064 732 1266 789 animo‘
1287 732 1429 807 fingi
1459 750 1574 788 non
1597 731 1814 789 bonum
1844 732 2004 789 illum

317 814 522 883 virum,
541 814 655 890 qui,
675 813 958 890 quidquid
980 812 1199 883 fecerit,
1225 811 1348 889 ipse
1377 831 1436 869 se
1464 812 1677 869 cruciet
1699 812 2007 889 omniaque

316 894 611 964 formidet,
636 893 736 950 sed
759 893 955 950 omnia
982 892 1186 950 callide
1214 892 1556 949 referentem
1580 892 1653 949 ad
1675 893 2005 962 utilitatem,

316 981 569 1043 acutum,
600 980 909 1044 versutum,
944 978 1337 1044 veteratorem,
1373 971 1540 1030 facile
1585 979 1652 1030 ut
1700 973 2005 1048 excogitet,

319 1053 614 1130 quomodo
651 1053 887 1124 occulte,
912 1053 1035 1109 sine
1064 1059 1227 1120 teste,
1253 1053 1375 1109 sine
1409 1052 1526 1109 ullo
1561 1052 1792 1110 conscio
1825 1052 2003 1110 fallat.

320 1139 413 1191 54.
460 1134 553 1190 An
586 1141 652 1190 tu
684 1133 884 1197 me,de
913 1133 975 1191 L.
995 1132 1226 1190 Tubulo
1259 1141 1428 1209 putas
1461 1133 1690 1190 dicere?
1734 1132 1849 1210 qui,
1875 1152 2004 1190 cum

317 1221 547 1290 praetor
596 1214 987 1291 quaestionem
1037 1213 1190 1271 inter
1242 1214 1475 1270 sicarios
1523 1213 1881 1284 exercuisset,
1928 1213 2009 1270 ita

317 1303 511 1371 aperte
554 1294 708 1371 cepit
740 1294 1012 1370 pecunias
1054 1293 1129 1351 ob
1171 1312 1291 1350 rem
1334 1293 1718 1364 iudicandam,
1752 1302 1815 1351 ut
1855 1312 2006 1351 auno

317 1375 582 1450 proximo
621 1375 687 1431 P.
720 1374 991 1431 Scaevola
1030 1373 1299 1431 tribunus
1339 1372 1524 1450 plebis
1564 1374 1741 1431 ferret
1781 1373 1855 1430 ad
1892 1372 2008 1450 ple-

317 1454 467 1525 bem,
493 1454 776 1511 vellentne
810 1455 882 1512 de
921 1473 988 1511 ea
1019 1473 1080 1510 re
1115 1454 1325 1531 quaeri.
1411 1452 1542 1522 Quo
1575 1453 1879 1529 plebiscito
1914 1454 2008 1510 de-

317 1543 472 1591 creta
517 1554 550 1590 a
594 1541 928 1591 senatuest
977 1534 1198 1590 consuli
1244 1534 1503 1609 quaestio
1550 1533 1653 1591 Cn.
1688 1533 2004 1610 Caepioni3

318 1614 614 1690 profectus
646 1616 708 1669 in
743 1613 976 1669 exilium
1004 1612 1267 1669 Tubulus
1300 1613 1497 1669 statim
1526 1631 1630 1672 nec
1664 1613 2008 1689 respondere

320 1710 524 1759 ausust,
568 1699 691 1748 erat
718 1693 870 1749 enim
902 1712 990 1749 res
1019 1700 1231 1768 aperta.

401 1771 599 1829 XVII.
646 1771 781 1828 Non
812 1771 989 1847 igitur
1021 1771 1092 1828 de
1126 1769 1418 1847 improbe,
1437 1772 1537 1829 sed
1564 1770 1632 1828 de
1664 1769 1871 1828 callido
1905 1771 2009 1828 im-

319 1850 505 1927 probo
536 1850 876 1928 quaerimu8‚
903 1850 1085 1928 qualis
1113 1850 1181 1919 Q.
1204 1851 1518 1928 Pompeius
1546 1852 1604 1908 in
1635 1850 1869 1909 foedere
1890 1852 1947 1908 N
1951 1872 2009 1908 u-

319 1932 582 1988 mantino
611 1930 913 1988 infitiando
942 1931 1073 2001 fuit,
1099 1950 1204 1988 nee
1232 1950 1366 1988 vero
1402 1932 1596 1988 omnia
1624 1931 1881 2003 timente,
1907 1932 2006 1989 sed

316 2012 568 2087 primum
622 2011 720 2088 qui
770 2011 948 2067 animi
997 2011 1406 2068 conscientiam
1438 2023 1575 2069 ‘non
1625 2019 1800 2082 curet,
1833 2031 2004 2089 quam

317 2091 535 2149 scilicet
569 2092 948 2168 comprimere
981 2090 1126 2147 nihil
1162 2098 1249 2149 est
1281 2091 1518 2168 negotii.
1603 2091 1662 2148 Is
1700 2092 1872 2163 enim,
1905 2093 2006 2170 qui

317 2171 575 2229 occultus
603 2178 663 2228 et
691 2179 877 2228 tectus
899 2171 1125 2242 dieitur,
1148 2178 1375 2228 tantum
1403 2171 1565 2230 abest
1587 2179 1653 2230 ut
1681 2191 1742 2229 se
1769 2172 2002 2243 indicet,

315 2250 573 2327 perficiet
614 2252 805 2322 etiam,
836 2258 903 2308 ut
936 2251 1129 2308 dolere
1171 2251 1402 2309 alterius
1437 2251 1699 2328 improbe
1735 2253 1894 2311 facto
1928 2254 2005 2310 vi-

317 2331 555 2403 deatur3
608 2331 747 2407 quid
793 2339 879 2388 est
924 2331 1076 2388 enim
1124 2331 1281 2389 aliud
1327 2351 1446 2389 esse
1492 2334 1825 2390 versutum?
1909 2340 2000 2390 55.

316 2375 557 2468 Memini
593 2430 684 2468 me
718 2411 914 2468 adesse
949 2411 1014 2469 P.
1041 2410 1282 2469 Sextilio
1316 2411 1491 2483 Rufe,
1523 2431 1653 2469 curn
1690 2413 1739 2469 is
1776 2432 1897 2471 rem
1930 2412 2005 2470 ad

316 2491 532 2547 amicos
565 2491 648 2547 ita
680 2491 945 2562 deferret,
971 2510 1030 2549 se
1063 2510 1186 2548 esse
1219 2490 1485 2549 heredem
1516 2490 1585 2560 Q.
1611 2491 1790 2549 Fadio
1818 2492 2001 2564 Gallo,

315 2571 479 2627 cuius
520 2570 577 2626 iu
617 2577 963 2628 testamento
1007 2571 1284 2649 scriptum
1328 2578 1491 2643 esset,
1523 2591 1583 2629 se
1624 2571 1696 2628 ab
1734 2591 1802 2629 eo
1848 2591 2005 2648 roga-

315 2657 459 2721 tum,
496 2659 562 2707 ut
607 2650 796 2707 omnis
840 2651 1125 2708 hereditas
1174 2650 1249 2708 ad
1291 2650 1468 2709 filiam
1513 2651 1849 2729 perveniret.
1933 2652 2005 2709 Id

317 2729 590 2787 Sextilius
632 2731 851 2787 factum
893 2730 1178 2806 negabat3
1228 2739 1456 2807 poterat
1496 2738 1688 2789 autem
1730 2732 2001 2807 impune3

316 2810 447 2886 quis
491 2810 646 2867 enim
690 2811 1095 2885 redargueret?
1178 2811 1367 2868 Nemo
1415 2819 1673 2868 nostrum
1719 2810 2001 2884 credebat,

315 2898 551 2967 eratque
585 2890 702 2947 veri
736 2890 996 2961 similiuS,
1030 2890 1182 2947 hunc
1215 2891 1466 2960 mentiri,
1491 2890 1653 2947 euius
1686 2890 2001 2963 interesset,

316 2989 490 3046 quam
528 2970 707 3041 illum,
740 2970 839 3047 qui
877 2970 938 3027 id
981 2989 1040 3027 se
1080 2988 1310 3047 rogasse
1353 2970 1684 3046 scripsisset,
1717 2970 1871 3048 quod
1911 2971 2005 3029 de-

314 3050 532 3108 buisset
574 3069 788 3126 rogare.
874 3049 1150 3107 Addebat
1183 3050 1375 3120 etiam,
1407 3068 1466 3106 se
1499 3049 1558 3106 in
1594 3049 1777 3126 legem
1816 3050 2004 3109 Voco-

314 3131 470 3188 niam
516 3130 765 3188 iuratum
811 3139 1014 3187 contra
1057 3148 1181 3186 eam
1231 3129 1417 3186 facere
1463 3147 1579 3184 non
1625 3130 1847 3199 audere,
1892 3130 2002 3186 nisi

312 3211 479 3268 aliter
511 3211 710 3268 amicis
738 3210 1040 3267 videretur.
1117 3208 1442 3266 Aderamus
1470 3227 1576 3265 nos
1606 3209 1836 3284 quidem
1869 3208 2005 3265 adu-
