2259 3467
743 106 886 155 LIB.
915 106 1035 168 111.,
1065 105 1222 156 CAP.
1252 103 1621 155 XVIII.-XX.
1941 110 2037 157 105

340 207 659 277 mendatiO,
696 214 763 263 ut
812 214 1078 284 op01teat
1117 207 1420 264 hominem
1457 206 1529 263 ab
1580 206 1815 266 homine
1858 208 1935 266 ob
1975 210 2038 267 id

342 290 553 366 ipsum,
579 287 736 365 quod
761 287 936 344 homo
959 288 1051 358 sit,
1075 307 1195 344 non
1218 287 1464 344 alienum
1491 286 1686 345 videri.
1772 287 1875 346 Ut
1882 290 2038 346 enim

340 369 403 426 in
448 367 721 425 membris
762 368 874 424 alia
915 376 1049 425 sunt
1090 375 1385 445 tamquam
1431 367 1541 424 sibi
1584 374 1734 438 nata,
1766 376 1832 426 ut
1867 370 2035 442 oculi,

342 457 409 507 ut
463 467 643 520 auree,
668 447 780 505 alia
834 449 1009 506 etiam
1059 455 1377 505 ceterorum
1428 446 1817 505 membmmm
1869 469 2038 507 usum

341 530 634 599 adiuvant,
662 537 726 585 ut
758 547 938 599 crura,
964 536 1030 586 ut
1071 547 1291 599 manue,
1316 528 1398 586 sic
1440 527 1720 585 immanes
1756 530 2036 606 quaedam

343 609 560 667 bestiae
588 608 700 666 sibi
733 607 919 666 solum
953 618 1122 666 natae
1152 615 1304 679 sunt,
1328 615 1389 665 at
1415 608 1528 679 illa,
1556 627 1701 685 quae
1729 608 1790 665 in
1820 610 2039 668 concha

341 690 542 767 patula
589 689 726 767 pina
775 689 1002 760 dicitur,
1035 689 1215 765 isque,
1249 689 1349 765 qui
1398 695 1531 746 enat
1569 708 1601 746 e
1651 688 1885 759 concha,
1918 691 2034 767 qui,

343 770 503 847 quod
531 789 654 827 eam
691 768 961 840 custodit,
987 769 1280 844 pinoteres
1310 775 1561 839 vocatur,
1587 768 1645 825 in
1683 769 2037 847 eandemque

287 912 290 915 ,
341 870 476 908 cum
511 870 571 908 se
602 851 836 927 recepit,
868 848 1196 919 includitur,
1234 856 1300 905 ut
1331 848 1593 905 videatur
1633 849 1940 921 monuisse,
1973 858 2039 907 ut

342 937 585 1006 caveret,
631 930 888 1007 itemquo
946 930 1241 1000 formicae,
1287 947 1439 1005 apeS,
1481 928 1733 986 ciconiae
1794 930 2035 1003 aliorum

342 1012 518 1068 ctiam
548 1029 717 1068 causa
745 1010 1024 1088 quaedam
1052 1010 1293 1067 faciunt.
1384 1007 1572 1065 Multo
1604 1008 1741 1066 haec
1770 1010 2039 1068 coniunc-

342 1091 460 1148 tius
491 1091 767 1148 homines
854 1090 1058 1167 Itaque
1093 1098 1296 1147 natura
1332 1109 1530 1147 sumus
1563 1089 1684 1166 apti
1715 1089 1789 1147 ad
1819 1098 2034 1161 coetuS,

342 1171 600 1241 coucilia,
622 1171 896 1241 civitatee.
985 1176 1078 1228 64.
1116 1170 1401 1228 Mundum
1433 1176 1627 1227 autem
1651 1179 1886 1227 censent
1915 1172 2038 1248 regi

341 1252 579 1308 numine
613 1251 851 1309 deorum
895 1270 1142 1328 eumque
1176 1270 1297 1308 esse
1331 1251 1492 1328 quasi
1538 1269 1903 1308 communem
1948 1271 2038 1308 ur-

343 1331 473 1389 bem
521 1338 580 1389 et
628 1332 918 1389 civitatem
975 1330 1279 1388 hominum
1329 1339 1388 1389 et
1437 1330 1693 1401 deorum,
1725 1338 1784 1388 et
1834 1350 2038 1388 unum-

343 1430 630 1488 quemque
673 1418 929 1469 nostrum
975 1411 1097 1469 eius
1140 1411 1342 1469 mundi
1384 1430 1505 1469 esse
1539 1419 1780 1487 partem,
1806 1430 1874 1467 ex
1921 1430 2036 1488 quo

342 1491 485 1549 illud
520 1499 724 1549 natura
764 1492 1054 1569 consequi,
1079 1497 1146 1548 ut
1179 1510 1546 1549 communem
1589 1490 1898 1548 utilitatem
1938 1509 2038 1548 no-

342 1578 492 1629 strae
520 1580 952 1648 anteponamus.
1029 1571 1116 1630 Ut
1140 1571 1294 1629 enim
1323 1570 1477 1646 leges
1507 1570 1768 1651 omnium
1794 1570 2033 1628 salutem

342 1651 698 1728 singulorum
742 1651 913 1709 saluti
953 1658 1332 1728 anteponunt,
1364 1652 1446 1708 sic
1488 1646 1579 1707 vir
1618 1650 1804 1707 bonus
1849 1659 1910 1707 et
1954 1671 2037 1708 sa-

342 1732 507 1808 piens
539 1738 598 1789 et
631 1731 854 1808 legibus
887 1750 1092 1809 parens
1133 1739 1195 1789 et
1226 1730 1409 1789 civilis
1443 1729 1616 1787 officii
1635 1749 1781 1787 11011
1805 1730 2036 1807 ignarus

342 1811 581 1869 utilitati
615 1812 877 1869 omnium
912 1811 1041 1889 plus
1074 1830 1246 1888 quam
1294 1811 1462 1868 unius
1494 1809 1733 1867 alicuius
1766 1821 1867 1867 aut
1901 1830 2035 1868 suae

342 1891 606 1949 consulit.
692 1891 814 1949 Nec
849 1892 1034 1968 magis
1066 1898 1155 1949 est
1187 1890 1599 1967 vituperandus
1641 1890 1903 1966 proditor
1940 1910 2035 1967 pa-

341 1972 486 2029 triae
528 1991 698 2049 quam
742 1972 1066 2029 communis
1105 1970 1376 2029 utilitatis
1408 1978 1508 2028 aut
1542 1970 1740 2028 salutis
1778 1971 2036 2030 desertor

341 2058 579 2129 propter
606 2071 768 2109 suam
799 2051 1107 2109 utilitatem
1138 2059 1238 2109 aut
1266 2051 1524 2109 salutem.
1610 2050 1697 2108 Ex
1728 2070 1843 2129 quo
1865 2050 1947 2122 fit,
1968 2059 2036 2110 ut

340 2131 662 2190 laudandus
690 2132 740 2189 is
769 2132 859 2202 sit,
882 2131 980 2209 qui
1012 2140 1255 2190 mortem
1292 2138 1532 2210 oppetat
1561 2151 1665 2208 pro
1695 2152 1755 2190 re
1785 2132 2031 2209 publica,

343 2212 502 2289 quod
536 2212 736 2270 deceat
768 2212 1043 2269 cariorem
1073 2212 1241 2269 nobis
1274 2232 1396 2270 esse
1423 2213 1668 2289 patriam
1699 2232 1869 2290 quam
1909 2232 2035 2269 nos-

342 2300 464 2349 met
497 2292 667 2369 ipsos,
757 2290 1159 2370 Quoniamque
1200 2292 1299 2349 illa
1327 2313 1437 2350 vox
1480 2292 1794 2349 inhumana
1825 2299 1885 2350 et
1921 2312 2035 2350 sce-

341 2370 519 2429 lerata
567 2371 797 2430 ducitur
844 2391 1060 2443 eorum,
1092 2373 1192 2450 qui
1238 2380 1452 2449 nogant
1502 2392 1562 2430 se
1609 2391 1882 2442 recusare,
1916 2391 2032 2449 quo

341 2452 552 2522 minus,
585 2452 723 2529 ipsis
768 2452 1028 2524 mortuiS,
1059 2460 1338 2510 terrarum
1386 2452 1645 2509 omnium
1694 2451 2031 2528 deflagratio

340 2539 725 2624 consequatur
784 2529 970 2609 (quod
1019 2532 1237 2609 vulgari
1287 2532 1536 2609 quodam
1590 2550 1754 2589 versu
1809 2531 2030 2589 Graeco

339 2612 701 2687 pronuntiari
730 2610 922 2685 solet),
946 2619 1097 2670 certe
1131 2632 1327 2670 verum
1363 2620 1465 2683 est,
1491 2610 1663 2670 etiam
1693 2611 1781 2680 iis,
1808 2611 1906 2687 qui
1935 2610 2032 2668 ali-

341 2691 575 2767 quando
604 2692 786 2749 futuri
822 2692 955 2763 sint,
981 2712 1101 2750 esse
1136 2700 1373 2768 propter
1405 2692 1564 2768 ipsos
1596 2689 2027 2749 consulendum.

338 2770 479 2828 XX.
568 2776 660 2829 65.
705 2771 793 2828 Ex
828 2772 933 2829 hac
975 2772 1298 2829 animorum
1342 2771 1647 2830 affectione
1688 2777 2033 2829 testamenta

337 2851 985 2926 commendationesque
1005 2852 1377 2909 morientium
1407 2859 1573 2909 natae
1602 2857 1753 2908 sunt.
1839 2849 2033 2919 Quod-

339 2950 453 3008 que
481 2950 653 3008 nemo
682 2932 742 2988 in
778 2951 1004 2988 summa
1036 2932 1349 2989 solitudine
1377 2931 1552 2988 vitam
1583 2949 1752 3004 agere
1780 2929 1933 3001 velit,
1959 2949 2032 2989 ne

337 3030 471 3068 cum
515 3009 743 3069 infinita
784 3011 1019 3088 quidem
1062 3010 1424 3087 voluptatum
1471 3009 1838 3079 abundantia,
1863 3009 2032 3067 facile

336 3090 710 3167 intellegitur,
742 3110 849 3148 nos
891 3091 964 3148 ad
1005 3090 1470 3148 coniunctionem
1505 3089 2032 3165 congregationem-

338 3190 452 3247 que
486 3170 792 3228 hominum
835 3179 891 3228 et
934 3171 1008 3227 ad
1049 3169 1365 3228 naturalem
1400 3169 1871 3237 communitatem
1908 3187 2031 3225 esse
