2259 3467
261 104 357 152 132
427 102 526 151 DE
556 102 847 152 FINIBUS
880 101 1234 182 BO‘NORUM
1274 102 1368 151 ΕΤ
1402 101 1778 153 MALORUM.

260 222 376 261 non
411 203 814 272 concedantur,
845 210 945 260 aut
976 223 1060 273 ea,
1092 221 1239 280 quae
1272 202 1445 260 etiam
1482 222 1749 260 concessa
1775 211 1836 261 te
1863 195 1958 261 'ni-

263 284 343 341 hil
376 283 588 341 iuvent.
673 283 958 360 Equidem
992 284 1052 340 in
1093 282 1365 340 omnibus
1407 282 1533 339 istis
1574 283 1959 340 conclusioni-

260 363 369 421 bus
411 364 519 422 hoc
563 371 819 440 putarem
866 363 1238 441 philosophia
1276 361 1559 440 nobisque
1601 363 1861 439 dignum,
1894 371 1957 421 et

258 444 526 514 maxime,
557 463 689 501 cum
731 463 1019 501 summum
1062 443 1280 500 bonum
1326 462 1739 520 quaereremus,
1771 443 1953 500 vitam

260 531 534 593 nostram,
555 523 809 594 consilia,
829 522 1172 592 voluntates,
1193 542 1310 579 nou
1332 521 1502 579 verba
1523 523 1747 599 corrigi.
1806 522 1956 591 Quis

260 604 414 661 enim
450 610 644 680 potest
678 604 818 674 istis,
844 622 989 680 quae
1023 611 1099 674 te,
1124 609 1189 659 ut
1222 602 1323 672 aiS,
1348 601 1650 672 delectant,
1685 602 1956 660 brevibus

260 690 320 741 et
353 683 535 741 acutis
568 683 782 741 auditis
815 683 888 740 de
920 682 1208 740 sententia
1239 681 1550 739 decedere?
1631 681 1780 738 Nam
1816 701 1951 738 eum

261 770 567 840 expectant
594 771 652 821 et
685 771 856 820 avent
887 763 1102 833 audire,
1126 781 1228 819 cur
1259 761 1428 818 dolor
1459 760 1674 818 malum
1708 780 1825 818 non
1856 762 1952 833 sit,

261 843 464 901 dicunt
491 843 592 914 illi,
623 862 887 920 asperum
923 862 1044 900 esse
1073 841 1283 912 dolere,
1303 841 1632 911 molestum,
1662 841 1952 912 odiosum‘,

261 932 463 981 eontra
496 931 775 992 naturam,
800 922 1030 980 difficile
1071 921 1337 991 toleratu,
1368 920 1484 992 sed,
1511 921 1646 998 quia
1685 919 1842 978 nulla
1877 922 1956 979 sit
2033 938 2038 942 ·

261 1003 322 1061 in
357 1002 554 1061 dolore
589 1022 692 1060 nec
733 1003 892 1060 fraus
925 1021 1030 1060 nec
1070 1000 1415 1078 improbitas
1447 1020 1552 1058 uec
1584 1001 1805 1058 malitia
1844 1020 1954 1059 nec

261 1083 430 1160 culpa
470 1102 574 1141 nec
616 1083 934 1160 turpitude,
966 1101 1080 1139 non
1124 1100 1247 1139 esse
1287 1081 1431 1139 illud
1472 1080 1702 1167 malum.
1789 1080 1955 1138 Haec

263 1164 363 1240 qui
396 1164 660 1234 audierit,
687 1172 751 1220 ut
784 1162 969 1220 ridere
1002 1181 1117 1219 uon
1154 1168 1331 1233 curet,
1356 1161 1612 1219 discedet
1645 1169 1838 1218 tamen
1869 1162 1956 1217 ni-

262 1243 382 1300 hilo
404 1242 624 1300 firmior
643 1242 719 1300 ad
739 1241 993 1300 dolorem
1017 1241 1322 1300 ferendum
1352 1260 1520 1318 quam
1547 1248 1791 1299 venerat.
1854 1247 1952 1298 53’.

261 1323 351 1380 Tu
394 1330 585 1380 autem
627 1342 801 1400 negas
841 1323 1054 1380 fortem
1088 1341 1212 1379 esse
1246 1339 1590 1399 quemquam
1633 1339 1818 1398 posse,
1851 1321 1956 1397 qui

263 1404 519 1461 dolorem
550 1403 766 1461 malum
794 1410 977 1480 putet.
1055 1401 1176 1459 Cur
1196 1401 1406 1459 foi-tior
1426 1402 1517 1472 sit,
1543 1401 1590 1458 si
1611 1400 1771 1471 illud,
1793 1400 1955 1478 qnod

262 1492 389 1542 tute
410 1483 694 1554 concedis,
718 1502 980 1559 asperum
1005 1489 1065 1540 et
1086 1482 1180 1539 vix
1207 1481 1505 1539 ferendum
1527 1480 1794 1558 putabit?
1861 1480 1954 1537 Ex

264 1564 433 1622 rebus
461 1564 614 1622 enim
644 1563 943 1634 timiditas,
969 1567 1082 1619 non
1114 1581 1184 1619 ex
1216 1560 1504 1618 vocabulis
1531 1560 1797 1618 nascitur.
1875 1559 1956 1617 Et

265 1645 365 1714 aiS,
391 1645 438 1701 si
467 1664 582 1701 uua
611 1644 799 1701 littera
819 1649 1113 1700 commota
1142 1642 1234 1711 sit,
1257 1642 1400 1713 fore,
1425 1647 1551 1699 tota
1570 1648 1637 1698 ut
1663 1640 1818 1698 labet
1841 1640 1956 1697 dis-

265 1725 492 1803 ciplina.
578 1724 790 1783 Utrum
828 1723 1008 1800 igitur
1040 1721 1149 1779 tibi
1184 1721 1432 1779 litteram
1465 1720 1662 1778 videor
1693 1740 1765 1777 an
1797 1728 1953 1778 totas

265 1806 506 1883 paginas
549 1803 946 1862 commovere?
1026 1802 1115 1860 Ut
1171 1802 1322 1858 enim
1381 1802 1456 1858 sit
1503 1800 1658 1877 apud
1706 1800 1853 1870 illos,
1889 1801 1956 1859 id

267 1886 424 1963 quod
457 1892 544 1944 est
577 1904 612 1942 a
643 1894 702 1942 te
736 1884 1047 1954 laudatum,
1079 1880 1223 1939 ordo
1264 1900 1449 1938 rerum
1494 1888 1860 1938 conservatus
1893 1888 1956 1938 et

267 1967 462 2023 omnia
488 1966 639 2022 iuter
666 1984 725 2022 se
757 1971 894 2041 apta
920 1970 979 2021 et
1006 1980 1266 2020 connexa
1292 1957 1400 2036 (sie
1428 1960 1582 2018 enim
1609 1958 1846 2037 aiebas),
1872 1968 1956 2018 ta-

267 2064 400 2102 men
429 2046 690 2122 persequi
723 2064 836 2102 non
868 2043 1162 2114 debemus,
1182 2042 1230 2099 si
1256 2061 1290 2098 a
1309 2040 1468 2098 falsis
1495 2040 1794 2117 principiis
1822 2056 1956 2118 pro··

267 2126 422 2183 fecta
441 2132 768 2200 congruunt
790 2125 915 2200 ipsa
935 2122 1043 2180 sibi
1072 2129 1132 2180 et
1154 2141 1187 2179 a
1208 2121 1506 2198 proposito
1530 2140 1644 2178 uon
1668 2120 1950 2178 aberrant.

271 2209 363 2262 54.
410 2204 474 2261 In
506 2205 694 2281 prima
721 2205 898 2280 igitur
917 2203 1330 2261 constitutione
1352 2200 1505 2258 Zeuo
1526 2207 1661 2258 tuus
1687 2220 1723 2257 a
1749 2208 1956 2257 nat-ura

271 2285 515 2357 recessit,
540 2303 785 2361 cumque
818 2303 1105 2342 summum
1144 2282 1362 2340 bonum
1390 2281 1675 2358 posuisset
1706 2281 1766 2338 in
1797 2281 1957 2354 inge-

269 2366 353 2423 nii
394 2366 757 2443 praestantia,
788 2384 958 2442 quam
1002 2364 1273 2420 virtutem
1318 2380 1605 2432 vocamuS,
1641 2379 1746 2418 nec
1790 2361 1956 2438 quid-

270 2466 444 2524 quam
471 2446 628 2504 aliud
660 2464 782 2504 esse
818 2446 1032 2502 bonum
1065 2442 1321 2513 dixisset,
1345 2441 1457 2498 nisi
1491 2441 1645 2518 quod
1676 2447 1824 2498 esset
1853 2440 1955 2497 ho-

270 2535 516 2598 nestum,
545 2545 651 2584 nec
700 2526 968 2583 virtutem
1020 2542 1189 2600 posse
1238 2529 1513 2591 constare,
1544 2522 1593 2578 si
1639 2521 1718 2577 in>
1748 2521 1956 2578 ceteris

271 2607 439 2665 rebus
481 2613 629 2664 esset
671 2604 1001 2683 quidquam,
1027 2602 1186 2681 quod
1217 2602 1372 2660 aliud
1414 2601 1526 2658 alio
1568 2600 1772 2658 melius
1805 2608 1957 2657 esset

271 2694 372 2744 aut
399 2687 577 2765 pciuS,
601 2686 692 2742 his
712 2684 1024 2761 propositis
1051 2682 1240 2740 tenuit
1268 2701 1498 2760 prorsus
1526 2680 1952 2757 consequentia.

272 2765 448 2824 Recte
477 2767 653 2837 dicis3
697 2782 904 2840 negare
938 2783 1054 2820 non
1089 2779 1358 2840 possum3
1402 2761 1502 2817 sed
1534 2761 1614 2817 ita
1642 2760 1797 2823 falsa=
1819 2767 1957 2816 sunt

273 2864 356 2913 ea,
388 2865 531 2921 quae
577 2850 1018 2920 consequuntur,
1051 2850 1116 2898 ut
1159 2841 1271 2911 illa,
1304 2861 1334 2898 e
1379 2840 1587 2917 quibus
1632 2839 1772 2896 haec
1819 2847 1959 2897 nata

275 2931 425 2990 sunt,
450 2943 581 2979 vera
608 2943 728 2980 esse
762 2942 876 2979 non
910 2922 1148 2997 possint.
1236 2927 1327 2977 55.
1372 2919 1604 2978 Docent
1637 2919 1793 2976 enim
1826 2937 1953 2991 nOS‚

277 3007 340 3055 ut
368 3001 493 3067 seis,
517 3001 817 3070 dialectici,
841 3002 888 3057 si
917 3019 999 3069 ea,
1026 3018 1170 3076 quae
1198 3018 1315 3056 rem
1346 2999 1593 3075 aliquam
1624 3006 1955 3075 sequantur,

275 3076 420 3134 falsa
452 3079 583 3148 sint,
608 3079 810 3135 falsam
845 3079 1000 3136 illam
1035 3080 1216 3155 ipsam
1256 3098 1391 3149 esse,
1417 3098 1586 3155 quam
1624 3086 1953 3156 sequantur.

277 3153 368 3211 Ita
399 3153 466 3211 fit
498 3155 595 3211 illa
627 3156 916 3212 conclusio
950 3176 1064 3212 non
1103 3158 1286 3214 solum
1324 3178 1469 3229 vera,
1495 3158 1594 3215 sed
1628 3158 1710 3215 ita
1742 3159 1960 3235 perspi-
