2259 3467
249 99 349 148 176
415 97 515 146 DE
548 97 843 173 F115113US
875 97 1228 146 BONORUM
1264 97 1355 144 ET
1387 95 1768 147 MALORUM.

247 196 533 266 videntur,
558 216 703 274 quae
736 197 850 274 ipsi
886 196 1130 254 fecerint
1163 196 1449 273 principia
1481 204 1732 255 naturae.
1817 197 1942 256 Tri-

248 276 542 338 buendum
574 285 660 335 est
687 277 866 354 igitur
893 276 984 334 his
1011 275 1246 354 aliquid,
1272 277 1409 334 dum
1442 276 1635 348 mod0‚
1658 284 1941 354 quantum

248 357 620 431 tribuendum
643 357 734 429 sit,
758 356 1072 433 intellegas·
1156 356 1262 414 Est
1283 356 1435 413 enim
1458 356 1792 433 philosophi
1821 378 1941 415 non

250 446 368 497 tam
411 436 662 514 gloriosa
704 456 876 515 quam
919 456 1052 494 vera
1093 437 1417 514 quaerentis
1460 455 1563 494 nec
1606 456 1713 514 pro
1757 437 1941 494 nihilo

106 519 143 529 “’
252 525 453 596 putare
487 536 568 587 ea,
602 536 745 595 quae
779 516 1092 575 secundum
1137 523 1395 573 naturam
1432 516 1516 573 illi
1549 516 1661 593 ipsi
1702 517 1943 593 gloriosi

253 618 373 656 esse
406 596 680 668 fatentur,
712 604 770 655 et
797 596 1006 667 videre,
1030 603 1251 653 tantam
1286 596 1404 653 vim
1434 596 1663 654 virtutis
1696 605 1944 655 tantam·-

253 697 382 755 que‚
402 685 468 735 ut
496 676 578 734 ita
607 677 812 747 dicam,
832 676 1233 734 auctoritatem
1264 675 1582 733 honestatis
1608 696 1733 748 esse,
1767 685 1832 735 ut
1860 697 1945 735 re-

254 758 410 835 liqua
451 776 567 814 non
611 757 708 814 illa
750 757 979 834 quidem
1023 756 1197 827 nulla,
1228 755 1329 813 sed
1370 756 1453 814 ita
1492 775 1667 832 parva
1707 758 1839 827 sint,
1876 765 1944 815 ut

254 837 411 895 nulla
437 856 557 896 esse
580 837 894 896 videantur.
980 836 1142 893 Haec
1164 843 1251 894 est
1272 855 1377 894 nec
1399 837 1595 893 omnia
1622 839 1945 914 spernentis

255 925 478 995 praeter
526 918 796 975 virtutem
847 923 905 975 et
952 913 1222 973 virtutem
1271 916 1452 993 ipsam
1506 917 1623 973 suis
1678 916 1947 975 laudibus

255 996 657 1074 amplificantis
686 997 903 1069 orati03
947 995 1196 1073 denique
1223 995 1364 1054 haec
1393 1004 1479 1054 est
1507 997 1761 1074 undique
1790 1017 1947 1055 com·

256 1077 412 1154 pleta
444 1085 503 1135 et
536 1077 793 1155 perfecta
824 1076 1129 1153 explicatio
1172 1077 1385 1134 summi
1426 1076 1580 1134 boni.
1666 1077 1823 1134 Hinc
1857 1096 1949 1135 ce—
2022 1142 2025 1146 ⁴
2103 1094 2107 1098 ·

257 1158 363 1216 teri
407 1157 713 1235 particulas
744 1158 998 1234 arripere
1039 1156 1233 1214 conati
1275 1176 1434 1214 suam
1480 1157 1721 1234 quisque
1764 1157 1948 1216 videri

257 1237 440 1295 voluit
488 1238 691 1294 afferre
746 1237 1106 1294 sententiam.
1209 1236 1408 1295 XXV.
1495 1237 1587 1294 73.
1633 1236 1816 1314 Saepe
1872 1238 1946 1296 ab

257 1316 587 1386 Aristotele,
611 1336 646 1373 a
672 1315 1073 1394 Theophrasto
1107 1315 1448 1374 mirabiliter
1473 1324 1561 1374 est
1587 1316 1816 1375 laudata
1842 1336 1949 1395 per

259 1418 317 1456 se
345 1398 472 1475 ipsa
498 1416 685 1454 rerum
715 1396 986 1468 scientia3
1032 1396 1142 1453 hoc
1163 1416 1280 1453 uno
1303 1408 1505 1473 captus
1532 1396 1743 1454 Erillus
1770 1398 1946 1456 scien·

256 1479 396 1537 tiam
433 1497 723 1536 summum
765 1476 982 1534 bonum
1026 1496 1147 1533 esse
1181 1476 1461 1547 defendit,
1483 1496 1587 1534 nec
1620 1496 1739 1534 rem
1771 1477 1948 1535 ullam

258 1559 424 1616 aliam
457 1577 560 1635 per
588 1577 646 1616 se
669 1556 1065 1634 expetendam.
1151 1556 1335 1614 Multa
1362 1556 1519 1614 dicta
1541 1565 1674 1614 sunt
1701 1557 1775 1616 ab
1804 1558 1951 1615 anti-

261 1639 388 1716 quis
409 1638 481 1695 de
503 1637 941 1696 contemnendis
962 1656 1027 1693 ac
1048 1635 1434 1712 despiciendis
1455 1636 1623 1695 rebus
1643 1637 1913 1695 humanis
1932 1656 1959 1711 ς-

259 1718 370 1776 hoc
400 1737 577 1776 unum
610 1718 807 1775 Aristo
835 1717 1054 1789 tenuit3
1095 1723 1321 1794 praeter
1341 1717 1481 1775 vitia
1508 1724 1680 1794 atque
1709 1718 1953 1776 virtutes

261 1799 492 1875 negavit
525 1817 645 1856 rem
682 1816 803 1856 esse
844 1797 1015 1854 ullam
1053 1805 1153 1854 aut
1180 1796 1517 1873 fugiendam
1554 1807 1654 1855 aut
1682 1805 1954 1875 expeten-

261 1878 412 1937 dam.
496 1878 762 1936 Positum
794 1885 880 1936 est
912 1898 947 1935 a
980 1878 1207 1948 nost-riS‚
1238 1877 1297 1934 in
1333 1877 1405 1934 iis
1438 1897 1559 1935 esse
1588 1876 1771 1948 rebuS,
1804 1897 1953 1955 quae

262 1959 574 2033 secundum
600 1966 858 2016 naturam
884 1966 1087 2026 essent,
1117 1976 1233 2013 non
1258 1956 1484 2028 dolere;
1527 1957 1637 2015 hoc
1667 1958 1956 2035 Hierony-

264 2059 391 2097 mus
423 2058 711 2096 summum
747 2038 964 2095 bonum
1000 2056 1121 2095 esse
1155 2037 1318 2095 dixit.
1402 2037 1488 2094 At
1515 2057 1648 2095 vero
1682 2037 1954 2114 Callipho

264 2126 322 2177 et
343 2123 477 2195 post
505 2138 634 2175 eum
658 2118 970 2189 Diodorus,
994 2136 1125 2175 cum
1150 2116 1292 2175 alter
1314 2117 1668 2194 voluptatem
1697 2117 1956 2175 adamas-

264 2207 368 2268 set,
391 2197 533 2256 alter
560 2198 902 2256 vacuitatem
939 2162 1170 2268 doloris,
1195 2205 1397 2254 neuter
1429 2197 1730 2255 honestate
1763 2217 1954 2257 carere

265 2279 473 2357 potuit,
496 2297 639 2355 quae
661 2286 748 2335 est
774 2297 810 2334 a
829 2278 1040 2335 nostris
1060 2276 1292 2335 laudata
1316 2278 1577 2336 maxime.
1665 2278 1757 2337 74.
1795 2276 1967 2347 Quin,

265 2360 437 2417 etiam
482 2358 594 2435 ipsi
638 2357 944 2435 voluptarii
985 2356 1334 2415 deverticula
1375 2356 1403 2432 ψ
1446 2365 1721 2436 quaerant
1754 2365 1813 2415 et
1848 2359 1957 2416 vir—

265 2448 420 2498 tutes
446 2437 739 2498 habeant
723 2458 784 2495 m
819 2457 916 2496 ore
949 2444 1106 2496 totos
1140 2437 1262 2495 dies
1292 2437 1761 2515 voluptatemque
1790 2437 1958 2495 dum-

266 2526 427 2585 taxat
453 2517 641 2597 primo
665 2519 856 2596 expeti
885 2518 1096 2587 dicant,
1120 2516 1330 2575 deinde
1352 2517 1763 2575 consvetudine
1793 2519 1957 2595 quasi

267 2600 502 2658 alteram
539 2595 824 2676 quandam
861 2606 1119 2656 naturam
1166 2597 1330 2667 effici,
1357 2616 1470 2674 qua
1502 2598 1738 2675 impulsi
1771 2598 1970 2656 multa-

270 2670 508 2749 faciunt,
542 2678 751 2736 nullam
804 2686 1138 2756 quaerentes
1179 2677 1553 2755 voluptatem.
1637 2677 1858 2735 Stoici
1875 2697 1961 2735 re-

269 2766 438 2817 stant.
523 2757 596 2814 Ei
634 2758 866 2835 quidem
908 2777 1026 2815 non
1067 2776 1240 2829 unam
1286 2757 1534 2835 aliquam
1578 2763 1679 2815 aut
1719 2756 1959 2815 alteram

268 2857 384 2894 rem
415 2856 447 2893 a
474 2836 658 2906 nobis,
690 2837 788 2895 sed
823 2844 1003 2895 totam
1041 2837 1116 2894 ad
1150 2856 1209 2893 se
1242 2844 1495 2894 nostram
1527 2837 1961 2915 philosophiam

168 2937 169 2940 ¹
269 2914 697 2987 transtulerunt.
747 2908 977 2993 Atque
1011 2924 1078 2973 ut
1104 2916 1311 2992 reliqui
1340 2917 1495 2974 fures
1522 2936 1717 2975 earum
1747 2936 1959 2989 rerum,

272 3011 412 3067 quas
439 3000 728 3067 ceperunt,
754 2995 918 3071 signa
938 3003 1316 3069 commutant,
1348 2996 1548 3065 sicini,
1571 3006 1635 3054 ut
1658 2997 1963 3055 sententiis

270 3070 482 3128 nostris
517 3090 619 3145 pro
655 3074 771 3129 suis
811 3081 1121 3150 uterentur,
1153 3076 1390 3132 nomina
1431 3083 1722 3153 tamquam
1769 3096 1961 3136 rerum

273 3154 440 3204 notas
471 3156 851 3211 mutaverunt.
938 3154 1040 3211 Ita
1067 3154 1430 3232 relinquitur
1451 3156 1571 3214 sola
1612 3157 1752 3216 haec
1794 3158 1967 3216 disci·-
