2259 3467
807 108 946 161 Lm.
975 112 1042 172 1.,
1071 111 1231 161 CAP.
1259 79 1374 173 v'1.,
1399 110 1526 160 v11.
1947 114 2008 159 11

312 217 449 277 falsi
469 215 813 297 putat.’¹‘*''‘''‘
875 223 970 275 23.
1007 216 1327 276 Confirmat
1348 223 1541 275 autem
1563 216 1706 276 illud
1726 216 1812 276 vel
1835 217 2011 275 maxi-

313 319 425 370 me,
464 298 621 376 quod
654 299 781 375 ipsa
821 305 1040 369 natura,
1078 305 1144 355 ut
1178 298 1260 356 ait
1301 297 1415 370 ille,
1446 298 1650 356 sciscat
1682 301 1746 356 et
1781 297 2007 375 probet,

313 379 376 437 id
422 386 524 450 est,
556 378 914 456 voluptatem
961 385 1021 435 et
1065 378 1341 435 dolorem.
1426 377 1525 435 Ad
1569 376 1725 450 haec,
1760 387 1820 436 et
1863 397 2008 455 quae

314 478 621 536 sequamur
667 467 727 517 et
776 477 921 536 quae
969 457 1281 535 fugiamuS,
1323 457 1502 515 refert
1539 458 1750 516 omnia.
1835 457 2008 527 Quod

315 558 667 616 quamquam
689 538 979 617 Aristippi
1002 546 1090 596 cst
1117 558 1154 596 a
1174 537 1619 615 Cyrenaicisque
1641 537 1853 596 melius
1871 537 2010 596 libe-

312 620 545 696 riusque
586 619 938 690 defenditur,
968 624 1165 677 tamen
1208 617 1495 675 eiusmodi
1535 637 1659 676 esse
1699 618 1910 689 iudicO,
1943 626 2009 676 ut
2079 631 2085 636 ’

312 699 458 757 nihil
500 699 737 766 homine
769 699 1032 757 videatur
1071 698 1385 775 indignius
1469 697 1568 755 Ad
1602 698 1820 756 maiora
1851 698 2006 756 enim
2093 711 2127 740 ··

314 779 594 855 quaedam
628 798 738 836 nos
769 788 975 837 natura
1004 778 1211 855 genuit
1243 785 1301 836 et
1335 778 1738 849 conformavit,
1764 785 1829 836 ut
1862 778 2008 836 mihi

314 859 548 936 quidem
583 859 827 917 videtur.
911 858 1002 916 Ac
1036 857 1161 916 fieri
1194 865 1404 936 potest,
1429 866 1497 917 ut
1529 876 1745 931 errem3
1790 857 1891 916 sed
1925 859 2009 916 ita

311 958 546 1016 prorsus
595 940 881 1010 existimo,
921 957 1108 1016 neque
1157 957 1290 997 eum
1336 938 1713 1016 Torquatum,
1754 938 1852 1016 qui
1896 937 2006 997 hoc

312 1020 536 1095 primus
568 1038 891 1096 cognomen
931 1019 1172 1091 invenit,
1203 1026 1303 1077 aut
1344 1030 1611 1096 torquem
1652 1018 1817 1076 illum
1849 1018 2007 1077 hosti

313 1099 642 1171 detraxisse,
668 1107 735 1157 ut
755 1099 1002 1177 aliquam
1028 1118 1098 1156 ex
1119 1118 1190 1157 eo
1209 1100 1527 1177 perciperet
1547 1118 1787 1176 corpore
1809 1098 2007 1176 volup-

312 1186 512 1251 tatem,
544 1188 645 1238 aut
686 1199 818 1238 cum
862 1178 1083 1238 Latinis
1119 1181 1294 1237 tertio
1335 1179 1634 1238 consulatu
1680 1178 2005 1238 conflixisse

311 1260 468 1337 apud
496 1260 761 1319 Veserim
802 1267 1039 1339 propter
1071 1259 1447 1337 voluptatem.
1534 1259 1706 1329 Quod
1747 1279 1882 1318 vero
1925 1279 2006 1318 se-

311 1341 431 1401 curi
488 1341 770 1419 percussit
827 1340 1029 1411 filium,
1070 1340 1383 1418 privavisse
1438 1359 1498 1399 se
1553 1340 1727 1398 etiam
1777 1339 2006 1398 videtur

309 1421 510 1479 multis
569 1421 979 1498 voluptatibus,
1032 1440 1165 1479 cum
1233 1421 1349 1498 ipsi
1403 1427 1640 1478 naturae
1701 1420 2006 1498 patrioque

310 1501 496 1559 amori
529 1501 866 1579 praetulerit
907 1501 998 1560 ius
1028 1500 1347 1559 maiestatis
1388 1508 1562 1578 atque
1594 1500 1839 1578 imperii.
1905 1506 2000 1559 24.

310 1579 505 1649 Quid?
584 1581 651 1638 T.
676 1581 1018 1658 Torquatus,
1040 1582 1088 1637 is
1118 1581 1218 1657 qui
1246 1580 1444 1638 consul
1474 1599 1602 1639 cum
1629 1580 1734 1638 Cn.
1759 1580 2003 1640 Octavio

309 1660 444 1731 fuit,
470 1679 602 1717 cum
629 1659 788 1717 illam
816 1660 1178 1718 severitatem
1208 1660 1269 1716 in
1290 1679 1360 1718 eo
1381 1658 1502 1717 filio
1525 1659 1807 1733 adhibuit,
1832 1679 2000 1738 quem

310 1739 374 1796 in
424 1739 801 1817 adoptionem
848 1739 924 1797 D.
966 1738 1165 1796 Silano
1220 1740 1693 1815 emancipaverat,
1735 1748 1802 1798 ut
1851 1760 2002 1812 eum,

312 1818 711 1877 Macedonum·
765 1818 973 1896 legatis
1039 1818 1456 1891 accusantibus,
1502 1820 1659 1896 quod
1732 1820 2004 1897 pecunias

310 1906 635 1976 praetorem
691 1899 752 1957 in
799 1896 1098 1976 provincia
1145 1898 1363 1977 cepisse
1417 1907 1737 1976 arguerent,
1773 1919 2002 1959 causam

310 1979 468 2055 apud
509 1999 570 2037 se
610 1979 798 2037 dicere
840 1978 1078 2051 iuberet,
1108 1998 1284 2058 reque
1312 1998 1382 2038 ex
1423 1987 1664 2057 utraque
1702 1988 1864 2058 parte
1907 2001 2003 2039 au-

309 2059 450 2134 djta,
482 2059 895 2137 pronuntiaret,
932 2079 1066 2118 eum
1109 2079 1230 2117 non
1275 2059 1447 2118 talem
1493 2060 1674 2119 videri
1719 2061 1897 2121 fuisse
1940 2063 1998 2119 in

307 2140 571 2217 imperio,
597 2140 790 2217 quales
824 2137 948 2200 eius
980 2139 1229 2199 maiores
1259 2140 1523 2212 fuissent,
1547 2148 1607 2199 et
1640 2141 1698 2200 in
1735 2161 2001 2220 conspec-

308 2226 436 2277 tum
485 2240 652 2278 suum
702 2219 895 2279 venire
939 2222 1141 2292 vetuit,
1172 2222 1457 2298 numquid
1504 2222 1614 2280 tibi
1660 2222 1887 2280 videtur
1927 2223 2000 2281 de

307 2299 704 2377 voluptatibus
736 2300 855 2359 suis
874 2301 1253 2378 cogitavisse?
1319 2301 1434 2360 Sed
1462 2309 1529 2378 ut
1557 2302 1824 2360 omittam
1854 2303 2000 2379 peri-

307 2380 452 2451 cula,
475 2380 716 2452 laboreS,
738 2381 998 2440 dolorem
1031 2381 1225 2453 etiam,
1251 2401 1423 2455 quem
1458 2384 1718 2460 optimus
1758 2383 1999 2461 quisque

307 2477 414 2537 pro
443 2461 723 2537 patriaoet
754 2477 862 2535 pro
890 2460 1008 2517 suis
1036 2462 1292 2539 suscipit,
1319 2470 1384 2522 ut
1418 2481 1536 2519 non
1570 2462 1747 2521 modo
1781 2462 1997 2520 nullam

307 2546 517 2617 captet,
555 2541 655 2598 sed
700 2546 876 2599 etiam
921 2547 1238 2617 praetereat
1282 2559 1483 2599 omnes
1525 2543 1867 2619 voluptates,
1898 2544 1998 2601 do-

306 2618 455 2677 lores
481 2619 731 2697 denique
761 2621 994 2697 quosvis
1021 2622 1307 2699 suscipere
1340 2621 1504 2680 malit
1533 2642 1704 2700 quam
1739 2623 1997 2681 deserere

306 2700 482 2758 ullam
517 2699 693 2759 officii
725 2708 967 2778 partem,
988 2702 1064 2760 ad
1097 2721 1182 2773 ca,
1207 2721 1352 2780 quae
1385 2701 1497 2761 hoc
1530 2722 1649 2759 non
1681 2702 1875 2760 minus
1902 2702 1996 2760 de-

306 2780 540 2851 clarant,
565 2779 666 2838 sed
714 2780 983 2840 videntur
1035 2781 1266 2852 leviora,
1302 2783 1612 2841 veniamus
1700 2788 1793 2839 25.
1839 2782 1996 2852 Quid

305 2860 432 2931 tibi,
461 2859 772 2937 Torquate,
803 2861 945 2939 quid
989 2861 1125 2920 huic
1158 2861 1382 2919 Triario
1427 2861 1666 2934 litterae,
1698 2862 1838 2938 quid
1886 2863 1995 2938 his-

304 2940 486 2999 toriae
527 2944 904 3020 cognitioque
944 2961 1152 3011 rerum,
1190 2941 1330 3019 quid
1372 2948 1675 3019 poetarum
1720 2941 1991 3012 evolutiO,

305 3020 447 3097 quid
480 3027 643 3079 tanta
682 3028 775 3080 tot
818 3041 1082 3081 versuum
1126 3022 1406 3079 memoria
1439 3020 1750 3097 voluptatis
1792 3021 1994 3079 affert?

302 3099 427 3159 Nec
460 3101 607 3160 mihi
639 3102 784 3160 illud
816 3101 1062 3170 dixeris:
1105 3102 1270 3159 Haec
1311 3102 1466 3158 enim
1508 3101 1635 3176 ipsa
1672 3101 1818 3158 mihi
1860 3108 1995 3158 sunt

301 3181 607 3259 voluptati,
637 3189 700 3243 et
745 3189 909 3240 crant
960 3182 1058 3240 illa
1096 3181 1422 3257 Torquatis·
1509 3179 1840 3257 Numquam
1881 3179 1994 3237 hoc
