2259 3467
224 88 288 138 74
392 86 493 137 DE
524 84 818 136 FINIBUS
849 84 1202 136 BONORUM
1234 85 1329 135 ΕΤ
1361 86 1740 137 MALORUM.

221 188 539 257 historiam,
563 188 812 265 signum,
834 186 1046 259 tabula,
1076 185 1236 245 locus
1269 207 1561 260 amoenus,
1584 188 1721 259 ludi,
1746 206 1914 246 vena-

222 269 326 340 tio,
342 268 472 325 villa
490 267 713 325 Luculli
736 262 896 341 (nam
919 267 966 324 si
985 274 1145 325 tuam
1169 267 1434 339 dicerem,
1450 267 1723 326 latebram
1742 268 1915 327 habe·

222 365 345 421 res;
386 347 460 405 ad
487 366 694 424 corpus
723 346 939 405 diceres
970 344 1462 424 pertinere)—sed
1492 368 1573 421 ea,
1597 368 1740 426 quae
1768 349 1910 420 dixi,

223 427 298 485 ad
347 446 627 504 corpusne
680 427 899 485 refers?
957 445 1029 484 an
1079 434 1169 485 est
1220 428 1455 505 aliquid,
1494 428 1650 505 quod
1698 436 1757 486 tc
1810 448 1916 486 sua

225 512 432 585 sponte
460 507 742 564 delectet?
822 507 947 565 Aut
974 507 1462 584 pertinacissimus
1493 508 1688 579 fueris,
1713 508 1759 566 si
1789 527 1917 585 per-

225 587 439 666 stiteris
467 586 541 644 ad
561 605 769 663 corpus
795 606 878 657 ea,
899 605 1045 663 quae
1071 586 1210 659 dixi,
1230 587 1459 659 referre,
1478 595 1580 646 aut
1599 588 1915 646 deserueris

226 665 672 742 totam-Epicuri
701 665 1073 743 voluptatem,
1097 666 1147 724 si
1176 667 1485 744 negaveris,
1572 673 1703 725 108.
1741 667 1914 737 Quod

226 765 361 804 vero
395 765 429 804 a
459 753 519 804 te
554 746 911 823 disputatum
946 754 1049 818 est,
1072 747 1319 805 maiores
1351 766 1474 805 esse
1501 747 1827 825 voluptates
1853 754 1916 805 ct

226 825 454 884 dolores
485 826 665 883 animi
698 845 871 903 quam
905 827 1176 904 corporiS‚
1207 827 1343 903 quia
1373 828 1551 885 trium
1585 836 1912 905 temporum

137 980 147 988 ⁶
226 906 513 985 particeps
540 906 766 963 animus
793 906 885 977 sit,
906 925 1145 984 corpore
1166 916 1354 964 autem
1380 907 1700 984 praesentia
1726 907 1912 965 solum

227 987 563 1054 sentiantur,
595 986 694 1063 qui
736 985 797 1043 id
838 985 1068 1063 probari
1109 993 1318 1063 potest,
1348 995 1417 1045 ut
1447 987 1514 1058 is,
1546 987 1645 1065 qui
1678 995 1917 1066 propter

227 1085 322 1123 me
365 1065 582 1143 aliquid
623 1065 888 1142 gaudeat,
925 1065 1055 1143 plus
1097 1085 1267 1143 quam
1311 1085 1422 1143 ego
1462 1067 1586 1145 ipse
1625 1067 1917 1144 gaudeat?

231 1139 476 1219 [Animo
502 1144 768 1223 voluptas
796 1145 978 1203 oritur
1005 1153 1243 1223 propter
1260 1145 1616 1223 voluptatem
1639 1147 1913 1224 corporis,

229 1232 290 1283 et
322 1225 505 1282 maior
537 1232 625 1282 est
657 1224 834 1282 animi
867 1225 1135 1303 voluptas
1169 1245 1338 1303 quam
1374 1227 1668 1304 corporis3
1714 1227 1798 1284 ita
1828 1226 1914 1297 fit,

230 1312 298 1362 ut
343 1304 660 1382 gratulator
707 1304 910 1363 laetior
957 1306 1034 1363 sit
1082 1325 1254 1383 quam
1301 1307 1370 1378 is,
1410 1307 1503 1364 cui
1550 1304 1914 1384 gratulatur]

232 1383 363 1455 Sed,
408 1384 547 1443 dum
604 1383 824 1443 efficere
880 1385 1053 1443 vultis
1107 1385 1337 1444 beatum
1401 1386 1738 1463 sapientem,
1782 1405 1916 1443 cum

232 1465 510 1522 maximas
570 1466 763 1522 animo
818 1465 1144 1543 voluptates
1196 1465 1478 1544 percipiat
1535 1465 1918 1543 omnibusque

232 1545 493 1620 partibus
534 1545 778 1603 maiores
816 1564 986 1622 quam
1026 1565 1282 1620 corpore,
1315 1546 1454 1623 quid
1494 1553 1767 1617 occurrat,
1799 1564 1918 1603 non

233 1625 456 1684 videtis,
541 1624 744 1682 Animi
777 1626 930 1682 enim
965 1624 1193 1682 dolores
1226 1644 1454 1704 quoque
1487 1626 1765 1704 percipiet
1798 1644 1921 1682 om·

232 1705 403 1776 nibus
443 1704 702 1783 partibus
742 1705 987 1762 maiores
1029 1724 1199 1782 quam
1244 1706 1513 1783 corporis.
1612 1705 1705 1763 Ita
1745 1705 1922 1763 miser

233 1786 310 1843 sit
342 1785 650 1862 aliquando
684 1803 911 1843 necesse
952 1790 1040 1842 est
1071 1785 1138 1855 is,
1171 1804 1342 1862 quem
1374 1803 1478 1843 vos
1509 1784 1742 1843 beatum
1776 1803 1922 1842 sem-

233 1884 337 1941 per
368 1864 543 1922 vultis
580 1882 738 1935 esse3
787 1884 894 1923 nec
927 1883 1061 1922 vero
1093 1863 1174 1934 id,
1205 1863 1345 1922 dum
1384 1865 1580 1922 omnia
1616 1864 1691 1922 ad
1723 1864 1921 1941 volup·

233 1951 409 2001 tatem
429 1944 808 2021 doloremque
836 1944 1111 2016 referem,
1131 1943 1388 2002 efficietis
1416 1963 1707 2022 umquam.
1784 1949 1917 2001 109.

236 2022 423 2093 Quare
476 2023 633 2080 aliud
681 2024 933 2100 aliquod,
976 2024 1283 2102 Torquate,
1327 2023 1582 2081 hominis
1629 2042 1919 2082 summum

235 2103 452 2161 bonum
495 2103 893 2180 reperiendum
927 2111 1050 2175 est3
1095 2103 1451 2180 voluptatem
1485 2103 1684 2162 bestiis
1724 2122 1923 2161 conce·

236 2184 456 2254 damae,
489 2183 697 2260 quibus
731 2202 832 2240 vos
864 2183 937 2241 de
978 2202 1207 2240 summo
1244 2183 1395 2241 bono
1429 2182 1673 2241 testibus
1706 2184 1792 2241 uti
1834 2201 1925 2240 so-

237 2262 381 2321 letis,
453 2261 623 2333 Quid,
649 2263 698 2320 si
727 2263 898 2321 etiam
930 2262 1145 2321 bestiae
1174 2262 1357 2320 multa
1381 2263 1621 2335 faciunt,
1647 2262 1791 2320 duce
1819 2282 1924 2320 sua

239 2362 496 2421 quaeque
530 2352 746 2413 natura,
779 2343 986 2420 partim
1022 2342 1389 2419 indulgenter
1421 2342 1509 2400 vel
1544 2362 1674 2400 cum
1708 2342 1919 2411 labore,

238 2430 306 2481 ut
332 2424 392 2480 in
422 2423 732 2499 gignendO,
753 2424 807 2480 in
833 2423 1131 2481 educando
1160 2422 1430 2500 perfacile
1459 2431 1745 2500 appareat,
1765 2421 1924 2479 aliud

238 2502 511 2579 quiddam
557 2503 628 2560 iis
669 2504 1050 2580 propositum,
1090 2522 1207 2560 non
1257 2502 1657 2580 voluptatem?
1710 2501 1923 2580 partim

238 2602 404 2640 cursu
434 2590 494 2641 et
520 2584 916 2659 peragratione
943 2581 1259 2653 laetantur3
1303 2583 1748 2659 congregatione
1780 2580 1926 2638 aliae

239 2669 468 2721 coetum
504 2662 753 2740 quodam
792 2662 970 2720 modo
1012 2662 1262 2720 civitatis
1294 2662 1629 2733 imitanturt,
1678 2666 1809 2718 110.
1844 2661 1925 2717 vi-

240 2741 443 2800 demus
468 2742 530 2799 in
554 2741 804 2818 quodam
828 2741 1145 2799 volucrium
1173 2761 1379 2818 genere
1407 2742 1683 2800 nonnulla
1710 2740 1928 2798 indicia

241 2822 491 2898 pietatis,
526 2821 935 2896 cognitionem,
972 2822 1348 2892 memoriam3
1405 2822 1463 2879 in
1508 2821 1706 2879 multis
1748 2821 1924 2878 etiam

243 2899 524 2956 desideria
565 2900 861 2968 videmus3
911 2919 1048 2975 ergo
1089 2901 1150 2957 in
1188 2900 1387 2957 bestiis
1428 2910 1596 2959 erunt
1637 2907 1852 2959 secreta
1895 2919 1929 2957 a

221 2976 540 3053 ‘voluptate
572 2977 949 3035 humanarum
982 2978 1259 3055 quaedam
1295 2979 1595 3038 simulacra
1626 2981 1926 3048 virtutum,

244 3056 304 3113 in
340 3056 481 3131 ipsis
513 3054 844 3114 hominibus
878 3057 1057 3114 virtus
1089 3058 1200 3114 nisi
1234 3057 1545 3134 voluptatis
1572 3080 1741 3118 causa
1773 3059 1933 3116 nulla

247 3134 396 3192 erit?
437 3141 497 3192 et
535 3133 775 3207 homini,
810 3135 909 3211 qui
945 3136 1148 3193 ceteris
1187 3137 1574 3196 animantibus
1614 3140 1931 3218 plurimum
