2259 3467
253 123 317 171 14
426 121 525 169 DE
558 119 847 170 FINIBUS
881 118 1234 170 BONORUM
1270 118 1362 167 ET
1389 117 1767 167 MALORUM.

251 230 364 288 hoc
405 236 588 308 putat,
618 236 686 287 ut
725 228 907 287 calere
950 229 1161 305 ignem,
1194 228 1383 285 nivem
1427 247 1548 285 esse
1590 226 1797 299 albam,
1829 226 1942 285 mel

254 310 435 380 dulce,
468 329 710 386 quorum
768 308 910 365 nihil
961 316 1225 385 oportere
1276 308 1575 384 exquisitis
1624 307 1943 366 rationibus

255 389 624 460 confirmar03
668 397 895 446 tantum
942 389 1078 445 satis
1120 408 1242 446 esse
1286 389 1626 459 admonere;
1671 388 1942 446 interesse

256 471 410 528 enim
438 470 588 527 inter
615 477 1016 546 argumentum
1047 468 1587 545 conclusionemque
1616 469 1854 526 rationis
1884 476 1943 526 et

255 552 405 609 inter
451 550 796 617 mediocrem
851 549 1403 607 animadversionem
1459 557 1631 626 atque
1687 547 1944 607 admoni-

256 632 510 703 tionem3
554 630 730 688 altera
777 630 1002 689 occulta
1042 629 1322 707 quaedam
1372 636 1431 687 et
1479 630 1640 707 quasi
1685 628 1943 686 involuta

257 711 481 788 aperiri,
511 710 688 769 altera
719 718 990 788 prompta
1034 719 1092 768 et
1139 717 1335 786 aperta
1368 709 1623 767 iudicari.
1710 708 1940 766 Etenim

258 791 548 870 quoniam,
573 791 844 848 detractis
876 790 948 848 de
982 790 1218 847 homine
1253 790 1527 860 sensibuS‚
1561 789 1762 867 reliqui
1800 788 1943 845 nihil

258 881 360 944 est,
385 891 610 929 necesse
639 879 741 941 est,
775 871 914 948 quid
943 880 1042 928 aut
1075 870 1151 927 ad
1184 879 1446 928 naturam
1482 878 1582 927 aut
1615 877 1817 926 eontra
1850 868 1941 937 sit,

260 972 293 1010 a
324 960 527 1010 natura
568 952 694 1029 ipsa
734 951 988 1009 iudicari.
1075 951 1161 1007 Ea
1203 950 1341 1027 quid
1383 950 1631 1027 percipit
1655 955 1772 1007 ‘aut
1806 949 1946 1026 quid

260 1033 492 1103 iudicat,
526 1051 641 1110 quo
690 1039 790 1089 aut
836 1039 1004 1109 petat
1060 1038 1161 1088 aut
1207 1031 1398 1106 fugiat
1446 1029 1682 1108 aliquid,
1723 1036 1948 1106 praeter

262 1113 614 1190 voluptatem
645 1120 705 1170 et
731 1112 1028 1170 dolorem?
1110 1117 1204 1168 31.
1251 1110 1400 1168 Sunt
1427 1119 1619 1169 autem
1651 1110 1882 1188 quidam
1914 1128 1946 1166 e

261 1194 487 1265 nostriS‚
520 1193 619 1270 qui
663 1191 801 1250 haec
846 1192 1113 1251 subtilius
1142 1191 1319 1248 velint
1363 1191 1586 1249 tradere
1629 1199 1686 1248 et
1735 1197 1947 1266 negent

262 1274 400 1330 satis
441 1292 578 1344 esse,
612 1273 751 1350 quid
799 1272 1015 1331 bonum
1062 1272 1138 1330 sit
1186 1279 1287 1329 aut
1328 1272 1469 1349 quid
1516 1270 1747 1341 malum,
1780 1288 1948 1327 sensu

263 1354 519 1425 iudicari,
544 1353 643 1411 sed
678 1353 872 1411 auimo
907 1353 1081 1411 etiam
1116 1371 1182 1410 ac
1214 1352 1436 1409 ratione
1470 1351 1728 1428 intellegi
1762 1369 1946 1428 posse,

263 1443 323 1491 et
357 1433 707 1511 voluptatem
743 1435 927 1512 ipsam
962 1452 1066 1510 per
1100 1452 1160 1489 se
1194 1451 1314 1489 esse
1348 1431 1726 1509 expetendam
1760 1437 1820 1489 et
1852 1430 1950 1487 do-

263 1514 442 1571 lorem
479 1515 668 1592 ipsum
702 1533 806 1591 per
838 1533 898 1571 se
931 1532 1051 1570 esse
1085 1512 1447 1590 fugiendum.
1533 1511 1735 1589 Itaque
1770 1511 1947 1580 aiunt,

265 1594 412 1651 hanc
455 1594 617 1672 quasi
662 1594 974 1652 naturalem
1024 1599 1196 1670 atque
1237 1593 1467 1649 insitam
1513 1592 1569 1648 in
1617 1591 1822 1648 animis
1855 1610 1953 1647 no-

266 1675 398 1732 stris
438 1675 622 1733 inesse
657 1674 971 1746 notionem,
995 1680 1061 1731 ut
1099 1673 1339 1730 alterum
1380 1691 1499 1730 esse
1544 1672 1949 1749 appetendum,

266 1753 503 1813 alterum
548 1755 984 1833 aspernandum·
1019 1754 1348 1812 sentiamus,
1433 1752 1554 1810 Alii
1598 1760 1807 1820 autem,
1834 1751 1955 1828 qui·

266 1835 373 1893 bus
415 1854 523 1912 ego
565 1835 858 1905 assentior,
891 1854 1021 1892 cum
1067 1854 1102 1891 a
1146 1832 1508 1909 philosophis
1563 1830 1954 1908 compluribus

266 1915 552 1993 permulta
579 1915 859 1985 dicantur,
884 1934 985 1972 cur
1016 1933 1121 1972 nec
1151 1913 1416 1990 voluptas
1446 1913 1502 1970 in
1540 1912 1708 1969 bonis
1742 1912 1819 1969 sit
1853 1930 1955 1967 nu-

269 1996 539 2052 meranda
567 2014 670 2052 nec
701 1996 758 2051 in
789 1995 953 2051 malis
975 1993 1156 2063 dolor,
1183 2012 1295 2050 non
1328 1994 1660 2050 existimant
1688 1999 1955 2068 oportere

269 2076 513 2132 nimium
544 2094 650 2132 nos
680 2094 880 2132 causae
908 2073 1210 2144 confidere,
1232 2073 1331 2130 sed
1360 2081 1418 2130 et
1439 2071 1955 2150 argumentandum

271 2166 329 2213 et
357 2162 615 2212 accurate
643 2153 1036 2212 disserendum
1072 2162 1128 2211 et
1162 2153 1480 2210 rationibus
1509 2152 1847 2230 conquisitis
1881 2151 1954 2209 de

272 2234 567 2312 voluptate
596 2242 654 2292 et
681 2234 878 2292 dolore
907 2232 1318 2311 disputandum
1352 2241 1573 2310 putant.

349 2315 426 2373 X.
505 2320 598 2372 32.
643 2314 759 2372 Sed
780 2323 846 2373 ut
874 2314 1248 2391 perspiciatiS‚
1271 2314 1423 2371 unde
1445 2313 1634 2370 omnis
1663 2312 1769 2370 iste
1793 2318 1960 2368 natus

273 2414 426 2453 error
475 2395 551 2452 sit
596 2394 946 2472 voluptatem
992 2394 1381 2452 accusantium
1432 2394 1804 2469 doloremque
1847 2391 1961 2448 lau-

274 2475 553 2546 dantium,
584 2482 766 2532 totam
823 2495 940 2532 rem
992 2475 1244 2552 aperiam
1296 2493 1472 2551 eaque
1522 2474 1662 2550 ipsa,
1695 2491 1839 2549 quae
1888 2470 1961 2528 ab

272 2555 371 2613 illo
426 2555 723 2624 inventore
777 2555 1029 2613 veritatis
1077 2563 1137 2613 et
1186 2554 1346 2631 quasi
1402 2553 1714 2612 architecto
1765 2551 1962 2609 beatae

272 2635 425 2693 vitae
481 2634 636 2694 dicta
691 2645 841 2707 sunt,
889 2635 1203 2712 explicabo·
1309 2633 1498 2692 Neruo
1559 2632 1713 2690 enim
1777 2632 1961 2708 ipsam

273 2716 645 2792 voluptatem,
690 2717 823 2793 quia
868 2715 1130 2792 voluptas
1179 2715 1269 2785 sit,
1307 2720 1640 2790 aspernatur
1694 2721 1795 2769 aut
1836 2711 1964 2768 odit

274 2803 373 2854 aut
403 2796 574 2871 fugit,
600 2796 701 2854 sed
730 2796 863 2873 quia
895 2803 1326 2872 consequuntur
1358 2793 1554 2870 magni
1585 2792 1811 2849 dolores
1844 2810 1961 2861 eOS‚

276 2876 375 2952 qui
405 2877 623 2934 ratione
645 2876 1000 2953 voluptatem
1025 2874 1187 2952 sequi
1217 2874 1493 2931 nesciunt.
1565 2872 1768 2949 Neque
1790 2889 1964 2949 porro

276 2956 577 3034 quisquam
626 2963 730 3026 est,
769 2956 868 3033 qui
915 2955 1171 3013 dolorem
1223 2954 1432 3030 ipsum,
1479 2953 1613 3031 quia
1661 2951 1828 3009 dolor
1870 2951 1961 3021 sit,

276 3048 444 3106 amet,
481 3044 855 3108 consectetur,
887 3035 1129 3112 adipisci
1166 3033 1316 3101 velit,
1359 3034 1459 3091 sed
1505 3033 1639 3110 quia
1684 3050 1967 3089 nonnum-

277 3134 446 3193 quam
472 3117 754 3175 eiusmodi
782 3125 1045 3194 tempora
1074 3115 1353 3185 incidunt,
1376 3122 1440 3172 ut
1466 3114 1659 3172 labore
1688 3120 1747 3170 et
1768 3111 1967 3169 dolore

278 3214 542 3274 magnam
579 3197 826 3276 aliquam
872 3204 1106 3275 quaerat
1135 3194 1506 3271 voluptatem.
1591 3193 1681 3256 Ut
1708 3192 1860 3254 euim
1893 3190 1968 3248 ad
