2259 3467
242 119 308 166 52
346 170 367 192 ⁸
407 116 506 166 DE
539 97 834 167 numus
866 117 1222 168 BONORUM
1256 119 1348 168 ET
1381 118 1760 171 MALORUM.

244 225 324 290 ut,
351 217 435 276 vel
468 218 515 275 si
544 219 875 295 ignorarent
901 218 963 276 id
992 218 1259 278 homines
1286 219 1373 278 vel
1406 220 1454 277 si
1488 219 1931 297 obmutuissent,

243 318 345 356 sua
385 306 578 357 tamen
622 298 1048 375 pulchritudine
1093 308 1243 358 esset
1285 301 1587 378 specieque
1628 301 1931 364 laudabile.

242 379 445 457 Itaque
486 379 641 437 idem
684 381 888 437 natura
929 379 1130 451 victus,
1168 380 1261 438 cui
1302 380 1503 439 obsisti
1546 400 1663 439 non
1718 391 1931 460 potest,

241 460 384 517 dicit
412 459 525 517 alio
553 458 682 517 loco
710 459 789 531 id,
811 459 969 537 quod
996 479 1031 517 a
1057 468 1116 518 te
1145 460 1315 518 etiam
1348 461 1521 538 paulo
1548 469 1681 521 ante
1709 464 1931 522 dictum

241 548 344 610 est,
371 558 486 597 non
517 558 684 617 posse
714 539 960 598 iucunde
989 540 1122 612 vivi,
1149 541 1259 598 nisi
1286 542 1458 599 etiam
1491 541 1746 601 honeste.
1834 550 1928 604 50.

242 619 396 689 Quid
444 640 599 678 nunc
648 621 868 677 honeste
916 619 1100 678 dicit?
1152 620 1399 693 idemne,
1431 622 1586 699 quod
1638 623 1933 683 iucunde?

241 700 396 778 Ergo
433 702 529 773 ita,
562 720 675 758 non
713 720 880 777 posse
919 699 1159 759 honeste
1195 701 1325 771 vivi,
1357 703 1468 759 nisi
1503 702 1742 761 honeste
1779 705 1932 762 viva·

241 783 371 840 tur?
426 781 540 852 An,
566 781 676 838 nisi
699 780 962 857 populari
986 781 1179 838 fama?
1239 780 1374 840 Sine
1396 802 1462 840 ea
1485 781 1662 860 igitur
1681 783 1932 842 iucunde

240 870 414 939 negat
442 880 608 939 posse
637 880 692 918 se
719 862 946 918 vivere?
1013 859 1170 929 Quid
1198 862 1424 938 turpius
1453 882 1623 940 quarn
1653 864 1931 940 sapientis

238 943 416 999 vitam
447 961 516 999 ex
546 941 940 1018 insipientium
973 960 1235 999 sermone
1262 943 1548 1018 pendere?
1607 942 1761 1012 Quid
1790 963 1929 1021 ergo

239 1021 350 1079 hoc
379 1021 506 1080 loco
535 1021 821 1098 intellegit
848 1021 1195 1079 honestum?
1254 1022 1424 1080 Certe
1453 1022 1614 1095 nihil,
1636 1024 1747 1081 nisi
1771 1024 1929 1101 quod

236 1103 420 1179 possit
451 1101 638 1178 ipsum
671 1108 907 1178 propter
939 1121 998 1159 se
1028 1102 1149 1159 iure
1177 1101 1412 1160 laudari.
1497 1102 1646 1161 Nam
1677 1104 1726 1160 si
1760 1122 1930 1182 prop-

238 1192 327 1239 ter
354 1181 726 1258 voluptatem,
752 1201 897 1258 quae
931 1190 1018 1239 est
1051 1182 1163 1239 ista
1194 1182 1333 1254 lauS,
1359 1185 1504 1260 quae
1536 1184 1720 1260 possit
1748 1203 1780 1241 e
1813 1204 1930 1241 ma-

238 1261 381 1319 cello
425 1262 582 1339 peti?
662 1261 794 1318 Non
835 1262 885 1318 is
922 1262 1008 1318 vir
1047 1270 1152 1333 est,
1185 1270 1266 1335 ut,
1296 1282 1428 1321 cum
1465 1263 1823 1322 honestatem
1856 1283 1928 1322 eo

238 1341 365 1398 loco
396 1340 617 1412 habeat,
638 1349 704 1397 ut
733 1341 854 1398 sine
882 1360 950 1399 ea
970 1342 1220 1400 iucunde
1246 1351 1420 1418 neget
1442 1362 1609 1421 posse
1631 1344 1762 1415 vivi,
1784 1343 1928 1403 illud

238 1421 562 1492 honestum,
585 1420 740 1499 quod
772 1421 1043 1499 populare
1072 1422 1163 1494 sit,
1185 1423 1393 1480 sentiat
1422 1432 1480 1481 et
1507 1425 1629 1482 sine
1657 1442 1726 1482 eo
1754 1431 1929 1501 neget

236 1501 485 1559 iucunde
529 1502 641 1560 vivi
693 1521 873 1579 posse,
910 1509 1011 1560 aut
1053 1502 1367 1580 quidquam
1419 1503 1576 1561 aliud
1618 1503 1924 1562 honestum

235 1581 550 1659 intellegat,
576 1581 685 1639 nisi
717 1582 870 1660 quod
903 1582 978 1640 sit
1011 1590 1228 1640 rectum
1262 1583 1565 1661 ipsumque
1592 1602 1696 1661 per
1722 1603 1798 1655 se,
1824 1604 1929 1642 sua

235 1662 310 1734 vi,
336 1682 436 1721 sua
465 1671 687 1740 sponte,
714 1683 814 1720 sua
842 1669 1046 1720 natura
1072 1661 1373 1721 laudabile.

234 1766 239 1770 ·
317 1742 483 1803 XVI.
563 1750 654 1802 51.
701 1743 920 1821 Itaque,
937 1742 1245 1820 Torquate,
1267 1763 1396 1801 cum
1428 1744 1660 1815 dicereS,
1682 1743 1926 1802 clamare

236 1822 567 1901 Epicurum,
601 1843 715 1882 non
760 1842 927 1900 posse
968 1823 1216 1881 iucunde
1259 1824 1392 1895 vivi,
1424 1824 1534 1889 nisi
1577 1823 1817 1882 honeste
1866 1832 1926 1882 et

236 1904 522 1981 sapienter
554 1912 613 1961 et
646 1904 794 1961 iuste
829 1904 1127 1974 viveretur,
1153 1911 1219 1960 tu
1253 1904 1373 1980 ipse
1407 1903 1551 1961 mihi
1585 1904 1818 1979 gloriari
1846 1905 1924 1962 vi-

235 1983 458 2042 debare.
542 1983 730 2041 Tanta
770 1983 856 2040 vis
899 1984 1082 2040 inerat
1122 1984 1181 2040 in
1223 1983 1410 2041 verbis
1451 1992 1696 2060 propter,
1728 2004 1924 2042 earum

235 2083 440 2135 rerum,
474 2083 617 2141 quae
668 2062 1137 2139 significabantur
1186 2063 1275 2120 his
1324 2064 1527 2135 verbiS,
1558 2064 1921 2141 dignitatem,

234 2152 300 2201 ut
328 2142 497 2201 altior
525 2142 702 2213 fiereS,
724 2151 791 2200 ut
819 2143 1105 2200 interdum
1140 2144 1444 2214 insisteres,
1465 2151 1531 2201 ut
1559 2163 1664 2201 nos
1692 2144 1925 2203 intuens

236 2223 397 2301 quasi
447 2222 828 2293 testificarere,
864 2222 1082 2280 laudari
1131 2223 1493 2281 honestatem
1539 2231 1599 2282 et
1640 2224 1923 2282 iustitiam

233 2303 542 2381 aliquando
582 2302 654 2360 ab
690 2303 956 2379 Epicuro,
1041 2302 1228 2371 Quam
1263 2312 1322 2361 te
1356 2304 1596 2362 decebat
1629 2304 1699 2362 iis
1739 2304 1925 2363 verbis

235 2384 337 2456 uti,
370 2383 578 2461 quibus
612 2383 660 2440 si
694 2382 1027 2460 philosophi
1060 2402 1178 2440 non
1213 2392 1524 2454 uterentur,
1555 2384 1926 2462 philosophia

234 2465 473 2521 omnino
528 2482 643 2522 non
695 2482 1004 2540 egeremus,
1106 2463 1358 2521 Istorum
1414 2465 1566 2522 enim
1616 2464 1920 2522 verborum

232 2564 442 2615 amore,
469 2560 613 2621 quae
647 2562 874 2620 perraro
909 2542 1272 2620 appellantur
1303 2544 1375 2601 ab
1410 2544 1679 2622 Epicuro,
1704 2545 1925 2621 sapien-

231 2624 361 2695 tiae,
394 2624 772 2694 fortitudiniS,
803 2623 1073 2695 iustitiae,
1100 2625 1528 2702 temperantiae,
1561 2625 1924 2701 praestantis-

232 2703 392 2761 simis
432 2704 677 2780 ingeniis
715 2703 979 2761 homines
1017 2723 1077 2761 se
1114 2704 1188 2761 ad
1224 2702 1622 2781 philosophiae
1664 2704 1922 2762 studium

232 2783 612 2842 contulerunt.
700 2789 792 2840 52.
834 2783 1166 2854 Oculorum,
1191 2783 1381 2860 inquit
1409 2783 1594 2855 Plato,
1620 2790 1706 2841 est
1732 2783 1792 2840 in
1823 2802 1925 2840 no·

232 2861 322 2919 bis
363 2883 561 2921 sensus
602 2863 925 2933 acerrimuS,
958 2862 1166 2938 quibus
1207 2864 1547 2940 sapientiam
1589 2881 1704 2920 non
1744 2864 1925 2921 cerni·

232 2959 394 3014 mus3
439 2962 612 3020 quam
641 2943 739 3000 illa
765 2941 1029 2998 ardentes
1057 2961 1279 3021 amores
1307 2942 1579 3000 excitaret
1607 2942 1693 2999 sui
1719 2943 1732 3001 Ξ
1803 2942 1925 3000 Cur

233 3022 506 3079 tandem?
555 3041 625 3079 an
666 3021 823 3098 quod
866 3021 949 3077 ita
989 3020 1195 3077 callida
1235 3028 1336 3092 est,
1367 3030 1433 3079 ut
1474 3022 1695 3098 optime
1736 3023 1924 3100 possit

234 3100 593 3158 architectari
626 3100 992 3176 voluptates?
1073 3099 1192 3156 Cur
1224 3099 1444 3157 iustitia
1475 3100 1780 3160 laudaturi
1821 3110 1925 3161 aut

235 3179 387 3237 unde
422 3189 508 3238 est
542 3180 652 3237 hoc
687 3180 999 3236 contritum
1035 3185 1318 3235 vetustate
1351 3180 1752 3255 proverbium:
1797 3182 1923 3256 qui-
