2259 3467
274 132 340 181 54
443 132 544 181 DE
576 132 867 182 numus
901 132 1251 183 nouossuM
1286 132 1379 182 ET
1412 113 1792 184 MALoRUM.

273 232 565 304 lescentes,
601 232 703 291 sed
743 232 910 290 multi
953 232 1295 310 amplissimi
1338 233 1460 304 viri,
1493 253 1738 311 quorum
1788 253 1961 292 nemo

275 313 496 371 censuit
537 313 668 389 plus
710 312 917 371 Fadiae
959 313 1234 384 dandum,
1267 332 1438 389 quam
1481 321 1677 390 posset
1718 314 1791 371 ad
1833 333 1958 371 eam

274 392 398 470 lege
427 392 690 451 Voconia
728 393 1036 470 pervenire.
1121 392 1335 451 Tenuit
1371 413 1741 469 permagnam
1779 394 1961 451 Sexti-

273 472 385 529 lius
425 472 819 544 hereditatem,
852 474 1020 544 unde,
1052 472 1098 529 si
1143 480 1369 530 secutus
1412 480 1561 531 esset
1597 493 1794 531 eorum
1840 494 1963 531 sen-

270 553 532 623 tentiam,
559 554 657 631 qui
693 552 934 611 honesta
969 561 1029 610 et
1061 560 1217 610 recta
1253 553 1658 611 emolumentis
1692 553 1962 611 omnibus

274 640 332 690 et
372 633 694 690 commodis
742 640 1174 710 anteponerent,
1210 652 1513 691 nummum
1560 632 1780 690 nullum
1831 635 1963 691 atti-

272 713 466 790 gisset.
544 714 701 770 Num
731 713 910 789 igitur
941 732 1070 771 eum
1101 720 1305 789 postea
1331 732 1527 771 censes
1559 714 1730 771 anxio
1764 714 1961 771 animo

273 800 373 851 aut
423 793 669 851 sollicito
718 794 937 852 fuisse?
1035 792 1198 850 Nihil
1249 793 1457 864 minus,
1498 801 1809 871 contraque
1863 792 1963 851 illa

273 872 588 931 hereditate
617 874 777 931 dives
806 873 879 931 ob
903 892 1144 950 eamque
1173 892 1289 931 rem
1321 873 1519 931 laetus.
1583 873 1781 950 Magni
1804 874 1956 931 enim

273 953 610 1011 aestimabat
651 954 953 1031 pecuniam
1003 973 1118 1010 non
1165 954 1340 1010 modo
1381 973 1498 1010 non
1542 961 1742 1010 contra
1785 953 1957 1030 leges,

273 1033 372 1091 sed
421 1034 593 1091 etiam
644 1033 867 1111 legibus
915 1046 1177 1110 partam3
1228 1052 1374 1111 quae
1416 1033 1647 1111 quidem
1692 1033 1780 1090 vel
1824 1053 1958 1090 cum

274 1113 526 1189 periculo
582 1121 669 1171 est
718 1114 1039 1191 quaerenda
1093 1113 1296 1185 vobis3
1354 1114 1641 1188 estssnim
1700 1114 1960 1171 effectrix

272 1193 582 1251 multarum
612 1200 670 1251 et
703 1213 1039 1270 magnarum
1071 1193 1450 1270 voluptatum.
1537 1198 1629 1250 56.
1660 1192 1750 1252 Ut
1781 1193 1961 1269 igitur

272 1273 400 1345 illis,
427 1274 543 1351 qui,
575 1281 727 1331 recta
759 1283 818 1331 ct
846 1273 1087 1332 honesta
1116 1293 1261 1351 quae
1294 1281 1444 1346 sunt,
1469 1292 1536 1331 ea
1568 1280 1831 1330 statuunt
1857 1292 1961 1349 per

273 1373 331 1410 sc
380 1354 716 1430 expetenda,
747 1353 1011 1411 adeunda
1058 1361 1194 1411 sunt
1235 1372 1403 1431 saepe
1444 1353 1696 1430 pericula
1736 1353 1959 1410 decoris

270 1432 700 1511 honestatisque
735 1453 919 1505 causa,
951 1434 1031 1492 sic
1065 1434 1283 1506 vestris,
1308 1434 1407 1511 qui
1441 1433 1637 1491 omnia
1662 1433 1960 1510 voluptate

270 1515 604 1585 metiuntur,
646 1514 896 1591 pericula
948 1514 1211 1571 adeunda
1259 1522 1409 1585 sunt,
1452 1521 1518 1571 ut
1569 1513 1961 1590 adipiscantur

270 1613 508 1671 magnas
535 1594 874 1673 voluptates
961 1594 1022 1651 Si
1050 1611 1267 1670 magna
1300 1613 1404 1664 reS,
1429 1613 1640 1669 magna
1673 1593 1959 1651 hereditas

269 1684 486 1751 agetur,
519 1695 649 1733 cum
688 1675 931 1752 pecunia
964 1674 1290 1751 voluptates
1326 1674 1621 1750 pariantur
1659 1673 1955 1750 plurimae,

269 1754 421 1813 idem
460 1755 567 1814 erit
601 1756 850 1832 Epicuro
889 1761 1077 1812 vestro
1115 1754 1464 1825 faciendum,
1495 1753 1544 1811 si
1580 1773 1745 1811 suum
1781 1752 1958 1810 fincm

271 1833 551 1893 bonorum
597 1835 760 1913 sequi
800 1835 972 1905 volet,
1005 1834 1163 1913 quod
1205 1833 1479 1911 Scipioni,
1515 1853 1727 1910 magna
1773 1832 1959 1909 gloria

224 1977 227 1980 ,
268 1916 583 1992 proposita,
637 1916 683 1971 si
739 1914 1125 1972 Hannibalem
1181 1915 1242 1970 in
1296 1914 1555 1972 Africam
1612 1913 1954 1970 retraxisset.

268 1993 471 2071 Itaque
513 2002 794 2072 quantum
835 1995 979 2052 adiit
1020 1994 1373 2071 periculum!
1456 1994 1553 2051 Ad
1592 1993 1956 2050 honestatem

268 2074 422 2143 enim
452 2075 614 2132 illum
644 2094 875 2132 omnem
904 2082 1174 2131 conatum
1211 2094 1376 2131 suum
1411 2072 1710 2144 refer,ebat
1733 2092 1850 2130 non
1880 2072 1956 2131 ad

266 2139 641 2232 voluptatem.
707 2153 802 2212 SIc
823 2163 1008 2212 vester
1029 2155 1271 2231 sapiens,
1291 2172 1505 2230 magno
1526 2154 1718 2229 aliquo
1741 2151 1957 2210 emolu-

267 2244 465 2292 mento
500 2241 839 2305 commotuS,
865 2233 894 2310 †
922 2253 1054 2291 cum
1089 2252 1273 2305 causa,
1305 2234 1353 2290 si
1388 2253 1534 2310 opus
1567 2234 1691 2304 erit',
1722 2233 1955 2290 dimica·

266 2313 369 2372 bit.
445 2314 537 2373 57.
575 2314 878 2373 Occultum
907 2314 1131 2371 facinus
1160 2334 1280 2372 esse
1309 2313 1595 2390 potuerit·
1582 2356 1596 2385 ,
1639 2312 1952 2388 gaudebit,
1936 2330 1951 2344 ·

267 2394 653 2472 deprehensus
682 2414 911 2452 omnem
942 2413 1191 2471 poenam
1218 2400 1564 2451 contemnet.
1641 2392 1769 2450 Erit
1795 2392 1950 2449 enim

265 2474 578 2533 instructus
605 2475 678 2532 ad
708 2482 951 2532 mortem
981 2473 1479 2544 contemnendam,
1500 2473 1573 2530 ad
1603 2472 1855 2541 exilium,
1877 2471 1952 2530 ad

265 2555 455 2632 ipsum
491 2555 665 2613 etiam
694 2554 966 2612 dolorem.
1053 2553 1238 2623 Quem
1270 2553 1503 2631 quidem
1534 2572 1655 2623 VOS,
1680 2571 1812 2609 cum
1846 2552 1953 2608 im-

262 2635 461 2712 probis
498 2653 742 2713 poenam
786 2634 1126 2711 proponitiS,
1157 2632 1537 2710 impetibilem
1575 2632 1784 2701 facitis,
1816 2650 1951 2689 cum

265 2716 579 2791 sapientem
625 2734 850 2793 semper
880 2714 1019 2772 boni
1053 2714 1183 2792 plus
1222 2713 1431 2771 habere
1465 2712 1654 2785 vultiS,
1685 2711 1952 2770 tolerabi-

263 2793 393 2851 lem.

344 2874 573 2933 XVIII.
619 2873 734 2933 Sed
771 2873 925 2950 finge
965 2892 1079 2930 non
1125 2872 1308 2930 solum
1354 2872 1623 2930 callidum
1665 2890 1815 2941 eum,
1847 2870 1950 2949 qui

264 2952 482 3028 aliquid
515 2954 777 3032 improbe
818 2949 1010 3023 faciat,
1040 2971 1239 3010 verum
1273 2952 1445 3009 etiam
1491 2958 1946 3029 praepotentem,

265 3039 330 3089 ut
363 3033 440 3092 M.
466 3034 703 3092 Crassus
734 3032 876 3103 fuit,-
899 3033 997 3108 qui
1031 3039 1223 3089 tamen
1261 3030 1479 3088 solebat
1511 3031 1598 3088 uti
1632 3049 1736 3088 suo
1769 3030 1945 3102 b0n0,

265 3119 330 3169 ut
377 3112 550 3171 hodic
603 3121 690 3171 est
739 3118 933 3169 nostor
980 3111 1312 3188 PompeiuS,
1363 3111 1455 3168 cui
1509 3119 1660 3168 recte
1708 3110 1950 3168 facienti

263 3193 447 3267 gratia
484 3201 571 3251 est
603 3191 901 3250 habenda·
889 3235 903 3261 ,
953 3210 1074 3248 esse
1112 3191 1266 3248 enim
1303 3209 1473 3266 quam
1510 3189 1728 3248 vellet
1712 3191 1949 3267 miquus
