2259 3467
246 91 312 137 66
411 88 510 137 DE
544 88 836 138 FINIBUS
869 87 1223 138 BONORUM
1258 87 1352 136 ΕΤ
1387 86 1766 138 MALORUM.

246 190 446 248 beatus
482 196 692 267 potest.
762 188 980 267 ,Neque
1017 189 1170 246 enim
1207 188 1267 245 in
1302 187 1495 265 aliqua
1531 195 1709 265 parte,
1741 188 1842 248 sed
1876 191 1937 248 in

245 270 627 348 perpetuitate
661 271 938 346 temporis
980 270 1100 327 vita
1132 268 1301 326 beata
1340 268 1458 326 dici
1499 267 1661 340 solet,
1694 287 1798 327 nec
1840 289 1939 348 ap-

244 350 490 428 pellatur
534 350 773 408 omnino
815 351 934 407 vita
978 350 1089 406 nisi
1130 348 1397 406 confecta
1440 355 1613 426 atque
1653 348 1933 421 absoluta,

245 450 350 488 nec
391 437 583 508 potest
623 430 922 507 qnisquam
964 430 1102 486 alias
1136 429 1337 487 beatus
1379 447 1516 499 esse,
1548 428 1686 485 alias
1726 430 1934 503 miser3
2009 475 2016 481 .

245 511 346 589 qni
380 511 531 568 enim
567 509 936 580 existimabit,
970 528 1135 587 posse
1169 528 1229 566 se
1264 509 1535 586 miserum
1570 528 1708 580 esse,
1733 508 1936 568 beatus

245 609 360 648 non
395 591 519 649 erit.
604 589 756 647 Nam
790 609 922 647 cum
957 597 1221 666 suscepta
1262 587 1437 645 semel
1471 595 1560 646 est
1592 588 1759 647 beata
1795 591 1932 662 vita,

242 677 362 729 tam
402 677 700 748 permanet
734 689 904 747 quam
947 670 1073 743 ipsa
1112 668 1212 726 illa
1250 668 1510 726 effectrix
1546 668 1740 728 beatae
1782 670 1935 729 vitae

243 751 542 829 sapientia,
576 769 762 828 neque
810 757 1076 827 expectat
1118 749 1391 806 ultimum
1433 756 1664 826 tempus
1710 751 1930 822 aetatis,

244 831 401 909 quod
423 830 637 889 Croeso
666 830 863 888 scribit
886 829 1222 887 Herodotus
1244 836 1609 906 praeceptum
1640 849 1676 887 a
1701 829 1929 888 Solone.

246 914 329 971 At
376 911 547 982 enim,
584 909 1073 988 quemadmodum
1124 916 1250 966 tute
1291 908 1538 980 dicebas,
1576 917 1752 986 negat
1800 909 1948 988 Epi-·

242 1011 412 1050 curus
453 1010 525 1048 ne
569 991 1010 1049 diuturnitatem
1055 989 1289 1067 quidem
1330 989 1609 1066 temporis
1649 990 1724 1048 ad
1765 989 1931 1048 beate

245 1070 552 1138 vivendum
594 1070 812 1148 aliquid
856 1070 1074 1141 afferre,
1105 1089 1211 1128 nec
1252 1070 1533 1127 minorem
1575 1070 1932 1147 voluptatem

242 1152 462 1230 percipi
505 1152 564 1207 in
600 1150 877 1208 brevitate
911 1151 1204 1228 temporiS,
1237 1169 1407 1227 quam
1451 1150 1500 1206 si
1540 1149 1635 1207 illa
1673 1151 1749 1208 sit
1790 1169 1934 1207 sem-

242 1233 483 1310 piterna.
559 1236 649 1287 88.
693 1229 854 1288 Haec
883 1230 1152 1289 dicuntur
1177 1230 1715 1288 inconstantissime.
1780 1230 1929 1287 Cum

243 1312 399 1370 enim
435 1329 724 1368 summum
757 1310 970 1369 bonnm
1004 1312 1066 1368 in
1096 1310 1391 1387 voluptate
1425 1317 1621 1388 ponat,
1646 1319 1818 1387 negat
1850 1311 1934 1370 in-

243 1391 409 1449 finito
432 1398 547 1449 tem
556 1410 692 1469 pore
714 1392 918 1448 aetatis
938 1391 1293 1468 voluptatem
1316 1390 1440 1448 fieri
1462 1390 1733 1448 maiorem
1759 1409 1932 1467 quam

243 1471 410 1529 finito
454 1478 626 1548 atque
668 1472 913 1529 modico,
999 1471 1112 1540 Qui
1152 1471 1369 1528 bonum
1410 1489 1579 1528 omne
1621 1472 1682 1528 in
1721 1471 1932 1528 virtute

244 1552 427 1630 ponit,
462 1552 512 1609 is
549 1559 743 1629 potest
774 1552 978 1623 dicere,
1010 1550 1206 1629 perfici
1240 1550 1465 1607 beatam
1500 1551 1677 1608 vitam
1719 1551 1935 1628 perfec-

242 1633 402 1690 tione
442 1632 700 1703 virtutist,
744 1639 918 1710 negat
955 1632 1107 1689 enim
1149 1650 1377 1689 summo
1417 1629 1569 1688 bono
1612 1630 1811 1689 afferre
1851 1631 1935 1687 in-

245 1721 599 1772 crementum
638 1712 831 1784 diem3
875 1713 975 1790 qui
1015 1719 1210 1769 autem
1244 1711 1540 1789 voluptate
1575 1711 1752 1768 vitam
1786 1709 1934 1769 effici

246 1793 471 1852 beatam
508 1794 753 1870 putabit,
778 1793 877 1871 qui
911 1793 1022 1850 sibi
1056 1793 1105 1850 is
1139 1792 1457 1861 conveniet,
1489 1794 1537 1848 si
1571 1790 1807 1868 negabit
1840 1811 1936 1848 vo·

245 1873 526 1951 luptatem
556 1893 803 1931 crescere
832 1873 1293 1950 longinquitate?
1362 1871 1550 1948 Igitur
1576 1890 1649 1928 ne
1676 1869 1931 1929 dolorem

247 1954 497 2031 quidem.
578 1955 672 2011 An
702 1952 870 2011 dolor
899 1953 1266 2030 longissimus
1294 1952 1536 2029 quisque
1564 1951 1931 2019 miserrimae,

246 2033 598 2110 voluptatem
622 2052 735 2090 non
757 2032 1157 2111 optabiliorem
1177 2032 1525 2091 diuturnitas
1546 2031 1725 2089 facit?
1779 2031 1935 2100 Quid

245 2121 334 2171 est
362 2114 555 2190 igitur,
578 2132 680 2170 cur
708 2113 789 2170 ita
815 2132 1040 2190 semper
1067 2114 1240 2171 deum
1270 2112 1552 2190 Epicurus
1579 2111 1810 2170 beatum
1839 2131 1937 2189 ap-

290 2193 422 2251 ellet
450 2200 509 2250 et
530 2194 861 2251 aeternan
917 2193 1173 2271 Dempta
1199 2193 1353 2251 enim
1377 2193 1731 2260 aeternitate,
1752 2191 1935 2249 nihilo

246 2213 469 2331 ‘beatior
492 2272 754 2350 Iuppiter
781 2291 954 2351 quam
976 2274 1292 2350 Epicurus3
1339 2279 1575 2349 uterque
1603 2272 1755 2330 enim
1785 2291 1937 2328 snm·

246 2373 346 2411 mo
382 2352 537 2411 bono
578 2353 806 2426 fruitur,
837 2353 899 2410 id
939 2361 1043 2424 est,
1073 2353 1385 2431 voluptate.
1472 2352 1611 2410 “At
1643 2351 1793 2408 enirn
1838 2350 1936 2409 hic

247 2434 423 2492 etiam
457 2432 655 2491 dolore
679 2432 730 2491 !'’
812 2431 898 2491 At
931 2453 1065 2491 eum
1106 2434 1275 2490 nihili
1307 2432 1484 2503 facit3
1527 2433 1611 2490 ait
1651 2431 1822 2501 enim,
1854 2450 1933 2502 se,

248 2515 297 2571 si
339 2521 552 2584 uratur,
579 2513 816 2583 “Quam
858 2513 968 2572 hoc
1010 2513 1249 2572 svave!”
1285 2513 1590 2572 dicturum.
1678 2516 1770 2572 89.
1806 2510 1939 2580 Qua

235 2594 429 2670 igitur
461 2613 521 2652 re
548 2613 584 2651 a
611 2594 720 2651 deo
755 2594 1017 2665 vincitur,
1048 2594 1095 2651 si
1129 2592 1466 2651 aeternitate
1500 2609 1615 2650 non
1653 2590 1940 2649 vincitur?

249 2674 316 2731 In
360 2694 472 2752 qua
509 2673 650 2752 quid
688 2681 776 2731 est
812 2674 950 2731 boni
992 2682 1217 2752 praeter
1258 2690 1541 2730 summam
1582 2671 1936 2747 voluptatem

249 2762 309 2812 et
352 2773 478 2812 eam
524 2755 972 2831 sempiternam?
1053 2753 1208 2822 Quid
1250 2771 1388 2829 ergo
1437 2752 1647 2810 attinet
1688 2750 1942 2828 gloriose

236 2833 426 2910 loqui,
469 2834 579 2890 nisi
625 2841 953 2891 constanter
1002 2832 1278 2909 loquare?
1360 2832 1428 2889 In
1474 2831 1768 2909 voluptate
1817 2849 1942 2888 cor·

251 2913 408 2988 poris
449 2908 700 2985 (addam,
733 2914 780 2970 si
825 2914 924 2983 vis,
955 2913 1152 2980 animi,
1183 2913 1323 2970 dum
1360 2930 1430 2969 ea
1468 2911 1610 2988 ipsa,
1642 2918 1707 2980 ut
1744 2909 1938 2982 vultis,

253 2992 329 3047 sit
361 3010 393 3048 e
426 2990 687 3069 corpore)
719 2993 891 3050 situm
927 3000 1014 3049 est
1048 2993 1236 3050 vivere
1263 2991 1442 3049 beate.
1528 2991 1723 3059 Quid?
1764 2990 1940 3047 istam

255 3069 609 3147 voluptatem
659 3080 993 3149 perpetuam
1042 3072 1171 3147 quis
1219 3078 1412 3148 potest
1461 3079 1744 3147 praestare
1792 3070 1945 3145 sapi-

256 3149 417 3208 enti?
497 3150 647 3208 Nam
678 3150 887 3228 quibus
919 3150 1088 3208 rebus
1119 3149 1444 3207 efficiuntur
1476 3150 1815 3228 voluptates,
1838 3167 1943 3207 eae
