2259 3467
725 111 865 161 Lm.
894 111 983 174 V„
1012 111 1171 163 GAP.
1201 112 1718 177 xxv111.‚xx1x.
1972 116 2064 166 181

374 210 497 270 lum
532 230 625 270 me
659 230 850 283 vocae,
875 231 1025 285 etun,
1050 214 1149 291 qui
1184 213 1268 272 ita
1301 214 1377 272 sit
1404 215 1660 287 affectus,
1685 214 1917 273 beatum
1948 234 2070 274 esse

376 311 691 370 numquam
735 291 1045 369 probabis3
1096 294 1145 351 si
1187 294 1262 352 ad
1303 295 1633 370 prudent-ee,
1669 294 1912 353 alterum
1953 296 2070 354 for-

374 379 526 431 tasse
553 372 919 443 dubitabunt,
945 374 1094 431 sitne
1120 381 1351 432 tantum
1380 375 1438 432 in
1473 375 1700 447 virtute,
1728 383 1791 433 ut
1819 395 1886 433 ea
1912 395 2070 453 prae-

376 453 486 511 diti
516 451 603 510 vel
637 452 699 509 in
732 452 1054 511 Phalaridis
1086 461 1254 512 tauro
1289 454 1442 513 beati
1476 455 1629 527 sint3
1672 455 1912 514 alterum
1951 475 2067 513 non

375 531 742 603 dubitabunt,
774 533 912 611 quin
954 540 1014 591 et
1051 533 1238 592 Stoici
1279 535 1679 593 convenientia
1720 535 1832 594 sibi
1873 536 2070 594 dicant

375 620 435 670 et
467 632 569 670 vos
605 613 1000 690 repugnantia.
1085 613 1471 692 Theophrasti
1508 616 1703 693 igitur,
1729 615 1934 695 inquit,
1960 616 2067 675 tibi

375 692 520 750 liber
550 692 646 750 ille
674 691 862 771 placet
889 693 961 751 de
990 693 1159 752 beata
1186 695 1341 754 vita?
1420 695 1635 755 Tamen
1674 695 2002 754 aberramus
2035 717 2069 754 a

375 773 700 849 propositO,
730 780 789 830 et
840 792 913 831 ne
966 773 1213 852 longius,
1249 794 1498 852 prorsus,
1534 776 1788 853 inquam,
1827 777 1982 849 Piso,
2020 778 2067 834 si

374 853 487 910 ista
531 852 684 911 mala
731 860 882 927 sunt,
918 854 1123 932 placet.
1227 860 1320 914 86.
1366 855 1577 914 Nonne
1627 856 1822 934 igitur,
1858 857 2065 934 inquit,

373 932 484 991 tibi
531 933 810 991 videntur-
843 934 1036 993 mala?
1132 935 1204 994 Id
1253 936 1495 1015 quaeris,
1530 937 1785 1014 inquam,
1820 956 1881 994 1n
1932 956 2065 1016 quo,
2103 973 2106 976 2

374 1019 567 1071 utrum
604 1013 969 1091 respondem,
994 1035 1181 1074 verses
1217 1023 1277 1075 tc
1311 1016 1424 1075 huc
1457 1024 1631 1095 atque
1665 1017 1800 1076 illuc
1838 1029 2067 1075 necesse

265 1096 282 1114 ⁸
373 1100 477 1151 est.
562 1093 693 1162 Quo
748 1095 981 1153 tandem
1038 1096 1259 1155 modo?
1312 1097 1520 1175 inquit.
1606 1096 1772 1170 Quia,
1813 1097 1862 1158 si
1916 1097 2068 1155 mala

375 1181 525 1245 sunt,
550 1173 615 1245 is,
640 1174 741 1252 qui
768 1175 877 1233 erit
909 1176 970 1233 in
1003 1176 1090 1247 iis,
1114 1177 1317 1236 beatus
1349 1196 1465 1235 non
1497 1177 1643 1252 erit;
1688 1178 1738 1236 si
1767 1178 1917 1236 mala
1947 1197 2066 1235 non

374 1263 526 1325 sunt,
569 1254 717 1312 iacet
769 1256 960 1313 omnis
1010 1257 1160 1315 ratio
1208 1258 1743 1336 Peripateticorum.
1845 1258 1924 1316 Et
1972 1258 2067 1316 ille

372 1334 599 1393 ridens:
642 1334 851 1409 Video,
877 1338 1082 1414 inquit,
1109 1338 1250 1416 quid
1278 1357 1447 1417 agas;
1491 1359 1564 1398 ne
1595 1338 1941 1417 discipulum
1972 1339 2067 1396 ab·

372 1413 599 1487 ducam,
629 1415 815 1475 times,
899 1415 990 1475 Tu
1027 1438 1180 1491 vero,
1211 1420 1465 1497 inquam,
1498 1420 1673 1478 ducas
1715 1420 1865 1492 licet,
1898 1419 1946 1476 si
1984 1438 2067 1476 se·

375 1502 613 1573 quetur3
657 1495 765 1554 erit
792 1497 947 1555 enim
976 1517 1220 1566 mecum,
1246 1500 1295 1556 si
1327 1507 1519 1557 tecum
1548 1500 1674 1559 erit.

456 1575 683 1634 XXIX.
729 1577 887 1635 Audi
941 1577 1137 1655 igitur,
1178 1579 1384 1658 inquit,
1425 1579 1603 1653 ani3
1661 1587 1851 1638 tecum
1908 1579 2065 1637 enim

373 1655 518 1713 mihi
553 1656 906 1715 instituenda
942 1659 1127 1716 oratio
1166 1667 1269 1718 est.
1354 1659 1561 1720 Omnis
1599 1661 1907 1718 auctoritas
1942 1660 2066 1738 phi-

372 1734 684 1815 losophiae,
707 1748 771 1796 ut
798 1737 879 1795 ait
902 1738 1350 1817 Theophrastus,
1371 1741 1635 1799 consistit
1664 1743 1722 1799 in
1755 1740 1920 1799 beata
1946 1741 2066 1798 vita

372 1819 795 1894 comparanda3
839 1817 1002 1877 beate
1040 1820 1196 1877 enim
1231 1821 1461 1878 vivendi
1494 1821 1813 1899 cupiditate
1847 1820 2064 1878 incensi

368 1913 574 1955 omnes
614 1917 827 1958 sumus·
915 1899 1008 1958 87.
1053 1899 1187 1958 Hoc
1227 1901 1373 1958 mihi
1411 1907 1541 1959 cum
1576 1910 1680 1959 tuo
1715 1902 1891 1959 fratre
1933 1920 2064 1958 con-

370 1978 545 2036 venit.
631 1977 820 2047 Quare
854 1978 965 2037 hoc
993 1980 1300 2039 vivendum
1332 1988 1436 2049 est,
1460 1982 1718 2059 possitne
1750 1981 1920 2039 nobis
1954 1980 2063 2038 hoc

370 2058 520 2116 ratio
561 2057 1037 2136 philosophorum
1084 2061 1234 2120 dare.
1319 2061 1634 2120 Pollicetur
1681 2070 1848 2121 certe.
1934 2061 2063 2119 Nisi

372 2137 525 2195 enim
562 2138 623 2196 id
655 2138 885 2211 faceret,
917 2159 1018 2198 cur
1049 2141 1220 2199 Plato
1252 2142 1591 2221 Aegyptum
1627 2143 1967 2221 peragravit,
1998 2149 2064 2200 ut

372 2237 406 2274 a
454 2218 844 2277 sacerdotibus
887 2219 1139 2278 barbaris
1187 2242 1456 2281 numeros
1505 2231 1564 2281 et
1612 2223 1876 2282 caelestia
1923 2223 2064 2281 acci-

371 2299 575 2375 peret?
628 2318 729 2357 cur
767 2307 905 2376 post
945 2301 1256 2360 Tarentum
1310 2303 1383 2361 ad
1426 2303 1788 2378 Archytam?
1841 2323 1942 2361 cur
1988 2302 2062 2360 ad

372 2378 623 2458 reliquos
669 2380 1083 2458 Pythagoreos,
1120 2382 1510 2454 Echecratem,
1540 2383 1860 2455 Timaeum,
1898 2383 2063 2440 Ario-

371 2477 506 2517 nem
549 2459 777 2532 LocrOS,
807 2470 890 2533 ut,
921 2481 1051 2519 cum
1103 2462 1398 2520 Socratem
1449 2463 1832 2541 expressisset,
1865 2463 2062 2520 adiun-

369 2546 532 2616 geret
579 2539 1077 2617 Pythagoreorum
1128 2542 1492 2620 disciplinam
1542 2562 1737 2621 eaque,
1775 2562 1919 2620 quae
1961 2542 2063 2607 So-

371 2626 554 2677 crates
595 2620 950 2697 repudiabat,
981 2623 1339 2683 addisceret?
1392 2643 1494 2681 cur
1533 2623 1657 2701 ipse
1699 2623 2062 2700 Pythagoras

370 2705 431 2757 et
474 2699 814 2778 Aegyptum
858 2702 1121 2761 lustravit
1170 2711 1229 2761 et
1272 2704 1574 2762 Persarum
1627 2722 1827 2780 magos
1877 2703 2061 2761 adiit?

366 2797 473 2837 cur
514 2787 704 2838 tantas
753 2783 1015 2857 regiones
1061 2782 1429 2842 barbarorum
1474 2784 1718 2862 pedibus
1771 2783 1933 2854 obiit,
1969 2789 2062 2841 tot

370 2859 551 2918 maria
583 2862 938 2921 transmisit?
978 2883 1079 2921 cur
1110 2863 1250 2922 haec
1284 2864 1482 2922 eadem
1513 2864 1919 2922 Democritus?
1960 2863 2061 2942 qui

372 2934 528 3014 (vere
570 2941 808 3013 falsone,
836 2962 951 3000 non
986 2942 1346 3020 quaeremus)
1383 2944 1595 3001 dicitur
1636 2962 1695 3001 se
1737 2943 1917 3001 oculis
1949 2944 2060 3020 pri-

369 3038 566 3091 vasse3
624 3029 792 3090 certe,
836 3030 903 3079 ut
952 3042 1122 3099 quam
1179 3024 1419 3081 minime
1474 3024 1700 3081 animus
1759 3043 1795 3080 a
1847 3024 2061 3099 cogita-

366 3099 627 3158 tionibus
682 3100 1073 3173 abduceretur,
1109 3103 1520 3179 patrimonium
1577 3102 1847 3180 neglexit,
1891 3122 2061 3178 agros

365 3179 622 3238 deseruit
678 3180 941 3254 incultos,
987 3183 1128 3260 quid
1178 3202 1454 3259 quaerens
1508 3183 1665 3242 aliud
1718 3184 1831 3241 nisi
1879 3184 2058 3241 vitam

2085 3347 2245 3413 1-
