2259 3467
792 127 934 177 LIB.
964 127 1090 189 111.,
1119 125 1278 176 CAP.
1306 125 1602 201 XI5-X111.
1980 130 2048 178 97

349 229 503 287 enim
526 227 905 305 vituperabile
933 233 1021 285 est
1047 246 1153 319 per
1180 246 1239 284 se
1268 226 1475 303 ipsum,
1500 227 1560 284 id
1591 246 1621 285 e
1689 227 1817 304 ipso
1842 228 2043 286 vitium

348 310 711 366 nominatum
745 316 906 385 put0,
929 307 1017 365 vel
1041 307 1216 365 etiam
1247 327 1280 364 a
1304 307 1445 365 vitio
1469 307 1627 364 dictu
1714 308 2041 384 vituperari.

349 389 451 447 Sin
482 394 679 445 κακίαν
709 388 989 445 malitiam
1019 387 1276 457 dixisses
1300 387 1371 443 ad
1402 387 1559 445 aliud
1586 407 1693 445 nos
1723 408 1901 445 unum
1931 408 2045 446 cer-

347 476 476 528 tum
495 469 699 527 vitium
721 467 1074 525 consvetudo
1094 467 1301 524 Latina
1317 467 1639 525 traduceret
1658 486 1672 539 3
1709 487 1860 526 nunc
1883 469 2044 526 omni

348 550 549 614 virtuti
572 548 779 606 vitium
801 547 1088 605 contrario
1113 546 1348 604 nomine
1371 548 1702 624 opponitur.
1765 553 1860 607 41.
1891 548 2040 606 Tum

346 630 477 687 ἰ116.
522 629 636 686 Ηί5
684 628 864 705 igitur
904 627 986 685 ita
1027 627 1252 704 positiS,
1291 627 1497 704 inquit,
1534 628 1792 705 sequitur
1832 648 2044 703 magna

346 709 665 779 contentiO,
703 728 874 786 quam
924 715 1229 765 tractatam
1279 726 1315 764 a
1361 707 1763 784 Peripateticis
1813 709 2042 766 mollius

349 785 465 863 (est
494 789 647 846 enim
680 806 877 846 eorum
913 787 1268 845 consvetudo
1300 786 1529 845 dicendi
1560 807 1674 844 non
1706 788 1842 846 satis
1876 797 2043 846 acuta

347 877 589 945 propter
643 867 1064 944 ignorationem
1123 864 1479 959 dialecticae)
1532 866 1853 925 Carneades
1906 875 2041 926 tuus

345 949 577 1025 egregia
612 947 858 1024 quadam
903 947 1311 1005 exercitatione
1345 947 1407 1003 in
1442 946 1756 1005 dialecticis
1798 967 2041 1005 summa-

347 1047 459 1105 que
493 1028 824 1106 eloquentia
858 1046 974 1084 rem
1013 1027 1074 1083 in
1108 1046 1401 1084 summum
1439 1026 1743 1085 discrimen
1780 1027 2038 1100 adduxit,
2071 1042 2077 1047 ·

344 1117 652 1185 propterea
692 1107 850 1185 quod
894 1126 1150 1184 pugnare
1193 1126 1311 1163 non
1352 1106 1593 1178 destitit,
1629 1107 1689 1163 in
1731 1108 1891 1164 omni
1933 1108 2039 1166 hac

346 1188 699 1265 quaestione,
732 1206 877 1265 quae
920 1187 992 1245 de
1036 1186 1205 1244 bonis
1245 1194 1305 1244 et
1347 1186 1511 1244 malis
1552 1187 1889 1265 appelletur,
1921 1207 2038 1246 non

345 1287 467 1326 esse
502 1288 691 1326 rerum
721 1267 933 1326 Stoicis
965 1286 1096 1325 cum
1133 1266 1535 1343 Peripateticis
1570 1268 2036 1341 controversiam,

345 1348 448 1406 sed
492 1348 808 1406 nominum.
896 1346 1043 1404 Mihi
1085 1353 1279 1404 autem
1321 1346 1466 1404 nihil
1508 1354 1629 1406 tam
1671 1348 2035 1425 perspicuum

346 1428 590 1499 videtur,
623 1447 796 1505 quam
830 1426 934 1484 has
976 1427 1289 1485 sententias
1323 1447 1519 1485 eorum
1556 1427 2036 1505 philosophorum

344 1528 405 1565 re
447 1509 598 1566 inter
639 1527 698 1566 se
740 1507 927 1584 magis
969 1526 1139 1583 quam
1178 1506 1366 1564 verbis
1408 1507 1716 1578 dissidere3
1759 1508 2037 1565 maiorem

343 1589 530 1646 multo
572 1588 724 1645 inter
757 1586 985 1645 Stoicos
1019 1596 1074 1645 et
1109 1586 1529 1663 Peripateticos
1563 1607 1751 1645 rerum
1788 1607 1908 1644 esse
1943 1588 2036 1645 aio

343 1668 787 1745 discrepantiam
824 1686 996 1744 quam
1032 1665 1356 1738 verborum,
1390 1666 1604 1744 quippe
1639 1686 1770 1725 cum
1805 1667 2037 1745 Peripa-

342 1749 506 1806 tetici
540 1748 752 1818 omnia,
785 1766 929 1825 quae
964 1748 1075 1823 ipsi
1113 1746 1263 1804 bona
1295 1745 1603 1823 appellant,
1635 1747 1918 1824 pertinere
1953 1749 2036 1805 di-

343 1835 478 1885 cant
510 1828 584 1886 ad
619 1827 783 1885 beate
818 1827 1146 1897 vivendum,
1178 1826 1362 1883 nostri
1394 1845 1513 1883 non
1555 1846 1623 1883 ex
1667 1827 1844 1898 omni,
1877 1829 2035 1905 quod

345 1908 743 1965 aestimatione
772 1907 965 1985 aliqua
993 1907 1239 1984 dignum
1274 1906 1365 1979 sit,
1389 1905 1666 1983 compleri
1695 1906 1870 1964 vitam
1908 1907 2034 1966 bea-

345 1995 466 2048 tam
493 1995 716 2065 putent.

423 2068 592 2126 XIII.
678 2072 773 2125 42.
817 2070 914 2125 An
942 2086 1073 2124 vero
1096 2067 1308 2124 certius
1332 2067 1645 2144 quidquam
1676 2073 1870 2145 potest
1892 2088 2029 2139 esse,

342 2168 515 2227 quam
550 2147 778 2205 illorum
808 2148 1046 2218 ratione,
1074 2148 1175 2224 qui
1209 2148 1464 2205 dolorem
1502 2148 1563 2205 in
1595 2148 1759 2206 malis
1785 2156 2029 2226 ponunt,

339 2232 458 2287 hon
499 2247 669 2305 posse
712 2227 1028 2304 sapientem
1076 2228 1306 2285 beatum
1352 2246 1491 2298 esse,
1523 2248 1653 2287 cum
1689 2229 1885 2287 eculeo
1919 2237 2032 2286 tor-

339 2308 618 2388 queatur?
698 2307 917 2365 Eorum
952 2315 1164 2378 autem,
1191 2308 1289 2385 qui
1323 2308 1633 2366 dolorem
1618 2329 1677 2366 in
1712 2308 1879 2365 malis
1911 2328 2029 2366 non

335 2388 569 2458 habent,
607 2388 754 2445 ratio
796 2394 949 2445 certe
997 2387 1174 2464 cogit,
1207 2394 1275 2445 ut
1320 2388 1379 2445 in
1423 2388 1692 2446 omnibus
1724 2389 2030 2447 tormentis

335 2476 707 2526 conservetur
747 2467 915 2526 beat-a
949 2468 1067 2526 vita
1100 2467 1364 2544 sapienti.
1448 2467 1684 2526 Etenim
1718 2467 1767 2525 si
1801 2467 2029 2527 dolores

334 2548 570 2605 eosdem
598 2547 953 2605 tolerabilius
986 2547 1303 2623 patiuntur,
1331 2545 1431 2624 qui
1464 2548 1761 2625 excipiunt
1794 2567 1893 2604 eos
1922 2567 2026 2624 pro

333 2627 538 2705 patria,
565 2646 739 2705 quam
782 2628 881 2704 qui
916 2627 1126 2685 leviore
1162 2626 1234 2685 de
1270 2646 1453 2698 causa,
1480 2628 1679 2704 opinio
1723 2627 1881 2699 facit,
1907 2647 2025 2685 non

333 2715 554 2778 natura,
580 2707 699 2765 vim
728 2707 943 2764 doloris
971 2712 1072 2764 aut
1104 2708 1380 2765 maiorem
1412 2714 1511 2764 aut
1541 2707 1841 2764 minorem.
1927 2712 2022 2767 43.

332 2786 423 2845 Ne
465 2787 611 2845 illud
654 2787 887 2865 quidem
932 2794 1020 2844 est
1060 2794 1527 2857 consentaneum,
1551 2793 1633 2857 ut,
1659 2786 1724 2856 si,
1749 2805 1881 2843 cum
1914 2787 2026 2845 tria

330 2886 544 2943 genera
574 2866 860 2925 bonorum
898 2866 1030 2937 sint,
1057 2885 1203 2943 quae
1237 2866 1522 2924 sententia
1563 2874 1650 2924 est
1683 2866 2025 2943 Peripateti-

331 2966 550 3017 corum,
574 2966 642 3004 eo
686 2946 908 3004 beatior
949 2946 1192 3023 quisque
1234 2946 1326 3016 sit,
1352 2965 1467 3023 quo
1509 2946 1583 3002 sit
1624 2947 1881 3022 corporis
1923 2954 2025 3005 aut

330 3027 582 3085 externis
611 3026 778 3084 bonis
808 3024 1045 3102 plenior,
1071 3034 1138 3082 ut
1158 3025 1269 3083 hoc
1297 3025 1449 3082 idem
1482 3025 1921 3102 approbandum
1946 3027 2024 3083 sit

329 3106 516 3176 nobie,
538 3113 620 3176 ut,
646 3107 746 3183 qui
775 3105 938 3181 plura
968 3104 1176 3161 habeat
1205 3124 1286 3174 ea,
1308 3124 1451 3181 quae
1481 3105 1537 3161 in
1564 3124 1800 3182 corpore
1823 3106 2020 3181 magni

328 3187 724 3257 aestimantur,
750 3186 824 3244 sit
854 3184 1092 3242 beatior.
1178 3183 1270 3241 Illi
1300 3185 1453 3242 enim
1484 3185 1741 3263 corporis
1768 3203 2021 3243 commo-
