<?xml version="1.0" encoding="UTF-8"?>
<!DOCTYPE html PUBLIC "-//W3C//DTD XHTML 1.0 Transitional//EN"
    "http://www.w3.org/TR/xhtml1/DTD/xhtml1-transitional.dtd">
<html xmlns="http://www.w3.org/1999/xhtml" xml:lang="en" lang="en">
 <head>
  <title>
</title>
<meta http-equiv="Content-Type" content="text/html;charset=utf-8" />
  <meta name='ocr-system' content='tesseract 3.04.00' />
  <meta name='ocr-capabilities' content='ocr_page ocr_carea ocr_par ocr_line ocrx_word'/>
</head>
<body>
  <div class='ocr_page' id='page_1' title='image "./definibusbonoru05cicegoog_0034.png"; bbox 0 0 2259 3467; ppageno 0'>
   <div class='ocr_carea' id='block_1_1' title="bbox 259 125 1789 179">
    <p class='ocr_par' dir='ltr' id='par_1_1' title="bbox 259 125 1789 179">
     <span class='ocr_line' id='line_1_1' title="bbox 259 125 1789 179; baseline -0.001 -1"><span class='ocrx_word' id='word_1_1' title='bbox 259 130 323 178; x_wconf 75' lang='lat'><strong>24</strong></span> <span class='ocrx_word' id='word_1_2' title='bbox 438 128 537 177; x_wconf 83' lang='lat' dir='ltr'><strong>DE</strong></span> <span class='ocrx_word' id='word_1_3' title='bbox 570 127 861 178; x_wconf 88' lang='lat' dir='ltr'>FINIBUS</span> <span class='ocrx_word' id='word_1_4' title='bbox 895 127 1249 179; x_wconf 87' lang='lat' dir='ltr'>BONORUM</span> <span class='ocrx_word' id='word_1_5' title='bbox 1282 128 1376 177; x_wconf 81' lang='lat' dir='ltr'><strong>ET</strong></span> <span class='ocrx_word' id='word_1_6' title='bbox 1409 125 1789 177; x_wconf 80' lang='lat' dir='ltr'><strong>MALORUM.</strong></span> 
     </span>
    </p>
   </div>
   <div class='ocr_carea' id='block_1_2' title="bbox 249 229 1969 3273">
    <p class='ocr_par' dir='ltr' id='par_1_2' title="bbox 252 229 1969 943">
     <span class='ocr_line' id='line_1_2' title="bbox 259 229 1969 308; baseline 0.001 -22"><span class='ocrx_word' id='word_1_7' title='bbox 259 237 325 287; x_wconf 86' lang='lat' dir='ltr'><strong>ut</strong></span> <span class='ocrx_word' id='word_1_8' title='bbox 372 230 446 287; x_wconf 88' lang='lat' dir='ltr'><strong>iis</strong></span> <span class='ocrx_word' id='word_1_9' title='bbox 492 229 661 286; x_wconf 88' lang='lat' dir='ltr'><strong>bonis</strong></span> <span class='ocrx_word' id='word_1_10' title='bbox 710 230 999 307; x_wconf 76' lang='lat' dir='ltr'>erigimur,</span> <span class='ocrx_word' id='word_1_11' title='bbox 1037 249 1183 308; x_wconf 88' lang='lat' dir='ltr'><strong>quae</strong></span> <span class='ocrx_word' id='word_1_12' title='bbox 1233 237 1616 305; x_wconf 74' lang='lat' dir='ltr'><strong>expectamuS,</strong></span> <span class='ocrx_word' id='word_1_13' title='bbox 1654 230 1735 287; x_wconf 89' lang='lat' dir='ltr'><strong>sic</strong></span> <span class='ocrx_word' id='word_1_14' title='bbox 1776 230 1969 288; x_wconf 86' lang='lat' dir='ltr'><strong>laeta-</strong></span> 
     </span>
     <span class='ocr_line' id='line_1_3' title="bbox 253 309 1941 388; baseline 0.001 -21"><span class='ocrx_word' id='word_1_15' title='bbox 253 329 383 367; x_wconf 88' lang='lat' dir='ltr'><strong>mur</strong></span> <span class='ocrx_word' id='word_1_16' title='bbox 424 309 511 380; x_wconf 91' lang='lat' dir='ltr'><strong>iis,</strong></span> <span class='ocrx_word' id='word_1_17' title='bbox 544 329 687 388; x_wconf 89' lang='lat' dir='ltr'><strong>quae</strong></span> <span class='ocrx_word' id='word_1_18' title='bbox 728 310 1107 369; x_wconf 82' lang='lat' dir='ltr'><strong>recordamur.</strong></span> <span class='ocrx_word' id='word_1_19' title='bbox 1206 310 1384 369; x_wconf 85' lang='lat' dir='ltr'><strong>Stulti</strong></span> <span class='ocrx_word' id='word_1_20' title='bbox 1425 317 1618 368; x_wconf 87' lang='lat' dir='ltr'><strong>autem</strong></span> <span class='ocrx_word' id='word_1_21' title='bbox 1660 311 1941 369; x_wconf 88' lang='lat' dir='ltr'><strong>malorum</strong></span> 
     </span>
     <span class='ocr_line' id='line_1_4' title="bbox 253 390 1944 484; baseline 0.001 -38"><span class='ocrx_word' id='word_1_22' title='bbox 253 390 533 447; x_wconf 89' lang='lat' dir='ltr'><strong>memoria</strong></span> <span class='ocrx_word' id='word_1_23' title='bbox 553 398 924 467; x_wconf 83' lang='lat' dir='ltr'><strong>torquentur3</strong></span> <span class='ocrx_word' id='word_1_24' title='bbox 959 391 1247 468; x_wconf 85' lang='lat' dir='ltr'><strong>sapientes</strong></span> <span class='ocrx_word' id='word_1_25' title='bbox 1268 390 1421 448; x_wconf 91' lang='lat' dir='ltr'><strong>bona</strong></span> <span class='ocrx_word' id='word_1_26' title='bbox 1446 391 1754 468; x_wconf 88' lang='lat' dir='ltr'><strong>praeterita</strong></span> <span class='ocrx_word' id='word_1_27' title='bbox 1779 399 1944 484; x_wconf 76' lang='lat' dir='ltr'><strong>grata</strong></span> 
     </span>
     <span class='ocr_line' id='line_1_5' title="bbox 254 469 1941 529; baseline 0.001 -3"><span class='ocrx_word' id='word_1_28' title='bbox 254 469 647 527; x_wconf 81' lang='lat' dir='ltr'><strong>recordatione</strong></span> <span class='ocrx_word' id='word_1_29' title='bbox 688 478 959 527; x_wconf 86' lang='lat' dir='ltr'><strong>renovata</strong></span> <span class='ocrx_word' id='word_1_30' title='bbox 999 470 1302 529; x_wconf 84' lang='lat' dir='ltr'><strong>delectant.</strong></span> <span class='ocrx_word' id='word_1_31' title='bbox 1385 470 1492 528; x_wconf 91' lang='lat' dir='ltr'><strong>Est</strong></span> <span class='ocrx_word' id='word_1_32' title='bbox 1532 479 1724 528; x_wconf 87' lang='lat' dir='ltr'><strong>autem</strong></span> <span class='ocrx_word' id='word_1_33' title='bbox 1765 472 1941 529; x_wconf 85' lang='lat' dir='ltr'><strong>situm</strong></span> 
     </span>
     <span class='ocr_line' id='line_1_6' title="bbox 253 549 1943 628; baseline 0.001 -22.028"><span class='ocrx_word' id='word_1_34' title='bbox 253 550 315 606; x_wconf 91' lang='lat' dir='ltr'><strong>in</strong></span> <span class='ocrx_word' id='word_1_35' title='bbox 348 549 531 621; x_wconf 91' lang='lat' dir='ltr'><strong>nobis,</strong></span> <span class='ocrx_word' id='word_1_36' title='bbox 554 557 622 607; x_wconf 90' lang='lat' dir='ltr'><strong>ut</strong></span> <span class='ocrx_word' id='word_1_37' title='bbox 654 557 714 608; x_wconf 91' lang='lat' dir='ltr'><strong>ct</strong></span> <span class='ocrx_word' id='word_1_38' title='bbox 745 550 981 608; x_wconf 84' lang='lat' dir='ltr'><strong>adversa</strong></span> <span class='ocrx_word' id='word_1_39' title='bbox 1013 551 1177 628; x_wconf 90' lang='lat' dir='ltr'><strong>quasi</strong></span> <span class='ocrx_word' id='word_1_40' title='bbox 1210 557 1487 628; x_wconf 85' lang='lat' dir='ltr'><strong>perpetua</strong></span> <span class='ocrx_word' id='word_1_41' title='bbox 1519 550 1809 609; x_wconf 90' lang='lat' dir='ltr'><strong>oblivione</strong></span> <span class='ocrx_word' id='word_1_42' title='bbox 1842 551 1943 609; x_wconf 88' lang='lat' dir='ltr'><strong>ob-</strong></span> 
     </span>
     <span class='ocr_line' id='line_1_7' title="bbox 254 630 1942 689; baseline 0.002 -3"><span class='ocrx_word' id='word_1_43' title='bbox 254 649 485 687; x_wconf 85' lang='lat' dir='ltr'><strong>ruamus</strong></span> <span class='ocrx_word' id='word_1_44' title='bbox 526 638 585 688; x_wconf 92' lang='lat' dir='ltr'><strong>et</strong></span> <span class='ocrx_word' id='word_1_45' title='bbox 624 630 876 688; x_wconf 89' lang='lat' dir='ltr'><strong>secunda</strong></span> <span class='ocrx_word' id='word_1_46' title='bbox 914 631 1164 688; x_wconf 90' lang='lat' dir='ltr'><strong>iucunde</strong></span> <span class='ocrx_word' id='word_1_47' title='bbox 1212 650 1278 688; x_wconf 89' lang='lat' dir='ltr'><strong>ac</strong></span> <span class='ocrx_word' id='word_1_48' title='bbox 1327 631 1572 688; x_wconf 85' lang='lat' dir='ltr'><strong>svaviter</strong></span> <span class='ocrx_word' id='word_1_49' title='bbox 1617 631 1942 689; x_wconf 89' lang='lat' dir='ltr'><strong>memineri-</strong></span> 
     </span>
     <span class='ocr_line' id='line_1_8' title="bbox 252 709 1941 788; baseline 0.002 -21"><span class='ocrx_word' id='word_1_50' title='bbox 252 728 397 768; x_wconf 87' lang='lat' dir='ltr'><strong>mus.</strong></span> <span class='ocrx_word' id='word_1_51' title='bbox 475 709 590 768; x_wconf 88' lang='lat' dir='ltr'><strong>Sed</strong></span> <span class='ocrx_word' id='word_1_52' title='bbox 617 729 749 767; x_wconf 91' lang='lat' dir='ltr'><strong>cum</strong></span> <span class='ocrx_word' id='word_1_53' title='bbox 779 730 862 781; x_wconf 87' lang='lat' dir='ltr'><strong>ea,</strong></span> <span class='ocrx_word' id='word_1_54' title='bbox 887 730 1033 788; x_wconf 90' lang='lat' dir='ltr'><strong>quae</strong></span> <span class='ocrx_word' id='word_1_55' title='bbox 1060 711 1488 788; x_wconf 88' lang='lat' dir='ltr'><strong>praeterierunt,</strong></span> <span class='ocrx_word' id='word_1_56' title='bbox 1513 711 1628 767; x_wconf 89' lang='lat' dir='ltr'><strong>acri</strong></span> <span class='ocrx_word' id='word_1_57' title='bbox 1656 711 1851 769; x_wconf 87' lang='lat' dir='ltr'><strong>animo</strong></span> <span class='ocrx_word' id='word_1_58' title='bbox 1881 720 1941 770; x_wconf 89' lang='lat' dir='ltr'><strong>et</strong></span> 
     </span>
     <span class='ocr_line' id='line_1_9' title="bbox 252 790 1940 869; baseline 0.001 -22"><span class='ocrx_word' id='word_1_59' title='bbox 252 798 476 848; x_wconf 83' lang='lat' dir='ltr'><strong>attento</strong></span> <span class='ocrx_word' id='word_1_60' title='bbox 516 791 821 861; x_wconf 85' lang='lat' dir='ltr'><strong>intuemur,</strong></span> <span class='ocrx_word' id='word_1_61' title='bbox 852 800 978 848; x_wconf 89' lang='lat' dir='ltr'><strong>tum</strong></span> <span class='ocrx_word' id='word_1_62' title='bbox 1012 790 1095 861; x_wconf 89' lang='lat' dir='ltr'><strong>fit,</strong></span> <span class='ocrx_word' id='word_1_63' title='bbox 1126 799 1193 848; x_wconf 88' lang='lat' dir='ltr'><strong>ut</strong></span> <span class='ocrx_word' id='word_1_64' title='bbox 1230 791 1531 869; x_wconf 81' lang='lat' dir='ltr'><strong>aegritudo</strong></span> <span class='ocrx_word' id='word_1_65' title='bbox 1573 798 1858 868; x_wconf 85' lang='lat' dir='ltr'><strong>sequatur,</strong></span> <span class='ocrx_word' id='word_1_66' title='bbox 1890 792 1940 849; x_wconf 90' lang='lat' dir='ltr'><strong>si</strong></span> 
     </span>
     <span class='ocr_line' id='line_1_10' title="bbox 252 869 1215 943; baseline 0.001 -16"><span class='ocrx_word' id='word_1_67' title='bbox 252 869 349 928; x_wconf 88' lang='lat' dir='ltr'><strong>illa</strong></span> <span class='ocrx_word' id='word_1_68' title='bbox 376 870 527 927; x_wconf 87' lang='lat' dir='ltr'><strong>mala</strong></span> <span class='ocrx_word' id='word_1_69' title='bbox 554 871 685 940; x_wconf 86' lang='lat' dir='ltr'><strong>sint,</strong></span> <span class='ocrx_word' id='word_1_70' title='bbox 711 871 761 928; x_wconf 91' lang='lat' dir='ltr'><strong>si</strong></span> <span class='ocrx_word' id='word_1_71' title='bbox 788 870 956 943; x_wconf 90' lang='lat' dir='ltr'><strong>bona,</strong></span> <span class='ocrx_word' id='word_1_72' title='bbox 981 870 1215 929; x_wconf 85' lang='lat' dir='ltr'><strong>laetitia.</strong></span> 
     </span>
    </p>

    <p class='ocr_par' dir='ltr' id='par_1_3' title="bbox 249 949 1945 3273">
     <span class='ocr_line' id='line_1_11' title="bbox 333 949 1940 1028; baseline 0.001 -21"><span class='ocrx_word' id='word_1_73' title='bbox 333 950 563 1009; x_wconf 90' lang='lat' dir='ltr'><strong>XVIII.</strong></span> <span class='ocrx_word' id='word_1_74' title='bbox 605 951 658 1009; x_wconf 93' lang='grc' dir='ltr'><strong>Ο</strong></span> <span class='ocrx_word' id='word_1_75' title='bbox 685 950 1032 1028; x_wconf 85' lang='lat' dir='ltr'><strong>praeclaram</strong></span> <span class='ocrx_word' id='word_1_76' title='bbox 1055 950 1219 1009; x_wconf 87' lang='lat' dir='ltr'><strong>beate</strong></span> <span class='ocrx_word' id='word_1_77' title='bbox 1249 949 1479 1008; x_wconf 86' lang='lat' dir='ltr'><strong>vivendi</strong></span> <span class='ocrx_word' id='word_1_78' title='bbox 1508 957 1567 1008; x_wconf 90' lang='lat' dir='ltr'><strong>et</strong></span> <span class='ocrx_word' id='word_1_79' title='bbox 1594 958 1848 1028; x_wconf 89' lang='lat' dir='ltr'><strong>apertam</strong></span> <span class='ocrx_word' id='word_1_80' title='bbox 1880 957 1940 1009; x_wconf 88' lang='lat' dir='ltr'><strong>et</strong></span> 
     </span>
     <span class='ocr_line' id='line_1_12' title="bbox 253 1029 1940 1109; baseline 0.001 -22"><span class='ocrx_word' id='word_1_81' title='bbox 253 1029 571 1109; x_wconf 82' lang='lat' dir='ltr'><strong>simplicem</strong></span> <span class='ocrx_word' id='word_1_82' title='bbox 602 1039 662 1089; x_wconf 89' lang='lat' dir='ltr'><strong>et</strong></span> <span class='ocrx_word' id='word_1_83' title='bbox 690 1031 964 1089; x_wconf 83' lang='lat' dir='ltr'><strong>directam</strong></span> <span class='ocrx_word' id='word_1_84' title='bbox 993 1031 1179 1089; x_wconf 86' lang='lat' dir='ltr'><strong>viam!</strong></span> <span class='ocrx_word' id='word_1_85' title='bbox 1248 1031 1400 1088; x_wconf 88' lang='lat' dir='ltr'><strong>Cum</strong></span> <span class='ocrx_word' id='word_1_86' title='bbox 1428 1031 1584 1088; x_wconf 88' lang='lat' dir='ltr'><strong>enim</strong></span> <span class='ocrx_word' id='word_1_87' title='bbox 1612 1038 1765 1088; x_wconf 90' lang='lat' dir='ltr'><strong>certe</strong></span> <span class='ocrx_word' id='word_1_88' title='bbox 1793 1030 1940 1089; x_wconf 89' lang='lat' dir='ltr'><strong>nihil</strong></span> 
     </span>
     <span class='ocr_line' id='line_1_13' title="bbox 252 1110 1939 1188; baseline 0.002 -21"><span class='ocrx_word' id='word_1_89' title='bbox 252 1110 476 1168; x_wconf 89' lang='lat' dir='ltr'><strong>homini</strong></span> <span class='ocrx_word' id='word_1_90' title='bbox 509 1112 692 1188; x_wconf 77' lang='lat' dir='ltr'><strong>possit</strong></span> <span class='ocrx_word' id='word_1_91' title='bbox 725 1110 928 1168; x_wconf 88' lang='lat' dir='ltr'><strong>melius</strong></span> <span class='ocrx_word' id='word_1_92' title='bbox 962 1130 1083 1169; x_wconf 87' lang='lat' dir='ltr'><strong>esse</strong></span> <span class='ocrx_word' id='word_1_93' title='bbox 1112 1130 1285 1188; x_wconf 88' lang='lat' dir='ltr'><strong>quam</strong></span> <span class='ocrx_word' id='word_1_94' title='bbox 1314 1129 1512 1168; x_wconf 87' lang='lat' dir='ltr'><strong>vacare</strong></span> <span class='ocrx_word' id='word_1_95' title='bbox 1548 1111 1939 1170; x_wconf 86' lang='lat' dir='ltr'><strong>omnidolore</strong></span> 
     </span>
     <span class='ocr_line' id='line_1_14' title="bbox 252 1191 1941 1268; baseline 0.001 -20"><span class='ocrx_word' id='word_1_96' title='bbox 252 1198 313 1249; x_wconf 89' lang='lat' dir='ltr'><strong>et</strong></span> <span class='ocrx_word' id='word_1_97' title='bbox 343 1191 608 1248; x_wconf 87' lang='lat' dir='ltr'><strong>molestia</strong></span> <span class='ocrx_word' id='word_1_98' title='bbox 633 1191 965 1268; x_wconf 83' lang='lat' dir='ltr'><strong>perfruique</strong></span> <span class='ocrx_word' id='word_1_99' title='bbox 997 1191 1266 1248; x_wconf 87' lang='lat' dir='ltr'><strong>maximis</strong></span> <span class='ocrx_word' id='word_1_100' title='bbox 1298 1197 1357 1248; x_wconf 90' lang='lat' dir='ltr'><strong>et</strong></span> <span class='ocrx_word' id='word_1_101' title='bbox 1385 1191 1564 1248; x_wconf 84' lang='lat' dir='ltr'><strong>animi</strong></span> <span class='ocrx_word' id='word_1_102' title='bbox 1596 1199 1656 1249; x_wconf 89' lang='lat' dir='ltr'><strong>et</strong></span> <span class='ocrx_word' id='word_1_103' title='bbox 1683 1192 1941 1268; x_wconf 86' lang='lat' dir='ltr'><strong>corporis</strong></span> 
     </span>
     <span class='ocr_line' id='line_1_15' title="bbox 254 1269 1937 1348; baseline -0.001 -20"><span class='ocrx_word' id='word_1_104' title='bbox 254 1270 661 1348; x_wconf 88' lang='lat' dir='ltr'><strong>voluptatibus,</strong></span> <span class='ocrx_word' id='word_1_105' title='bbox 692 1270 990 1341; x_wconf 85' lang='lat' dir='ltr'><strong>videtisne,</strong></span> <span class='ocrx_word' id='word_1_106' title='bbox 1022 1290 1196 1348; x_wconf 88' lang='lat' dir='ltr'><strong>quam</strong></span> <span class='ocrx_word' id='word_1_107' title='bbox 1243 1269 1389 1328; x_wconf 89' lang='lat' dir='ltr'><strong>nihil</strong></span> <span class='ocrx_word' id='word_1_108' title='bbox 1430 1271 1937 1347; x_wconf 80' lang='lat' dir='ltr'><strong>praetermittatur,</strong></span> 
     </span>
     <span class='ocr_line' id='line_1_16' title="bbox 253 1350 1937 1429; baseline 0 -21"><span class='ocrx_word' id='word_1_109' title='bbox 253 1352 412 1427; x_wconf 91' lang='lat' dir='ltr'><strong>quod</strong></span> <span class='ocrx_word' id='word_1_110' title='bbox 434 1351 610 1409; x_wconf 89' lang='lat' dir='ltr'><strong>vitam</strong></span> <span class='ocrx_word' id='word_1_111' title='bbox 639 1350 888 1421; x_wconf 84' lang='lat' dir='ltr'><strong>adiuvet,</strong></span> <span class='ocrx_word' id='word_1_112' title='bbox 909 1370 1024 1429; x_wconf 92' lang='lat' dir='ltr'><strong>quo</strong></span> <span class='ocrx_word' id='word_1_113' title='bbox 1045 1350 1275 1408; x_wconf 88' lang='lat' dir='ltr'><strong>facilius</strong></span> <span class='ocrx_word' id='word_1_114' title='bbox 1295 1351 1373 1422; x_wconf 86' lang='lat' dir='ltr'><strong>id,</strong></span> <span class='ocrx_word' id='word_1_115' title='bbox 1394 1351 1553 1428; x_wconf 92' lang='lat' dir='ltr'><strong>quod</strong></span> <span class='ocrx_word' id='word_1_116' title='bbox 1574 1353 1937 1429; x_wconf 85' lang='lat' dir='ltr'><strong>propositum</strong></span> 
     </span>
     <span class='ocr_line' id='line_1_17' title="bbox 253 1429 1943 1508; baseline 0.001 -21"><span class='ocrx_word' id='word_1_117' title='bbox 253 1438 356 1502; x_wconf 88' lang='lat' dir='ltr'><strong>est,</strong></span> <span class='ocrx_word' id='word_1_118' title='bbox 393 1449 683 1488; x_wconf 90' lang='lat' dir='ltr'><strong>summum</strong></span> <span class='ocrx_word' id='word_1_119' title='bbox 725 1429 943 1488; x_wconf 88' lang='lat' dir='ltr'><strong>bonum</strong></span> <span class='ocrx_word' id='word_1_120' title='bbox 985 1432 1443 1508; x_wconf 64' lang='lat' dir='ltr'><strong>consequamur?</strong></span> <span class='ocrx_word' id='word_1_121' title='bbox 1538 1430 1764 1489; x_wconf 88' lang='lat' dir='ltr'><strong>Clamat</strong></span> <span class='ocrx_word' id='word_1_122' title='bbox 1805 1430 1943 1508; x_wconf 89' lang='lat' dir='ltr'><strong>Epi-</strong></span> 
     </span>
     <span class='ocr_line' id='line_1_18' title="bbox 252 1510 1938 1589; baseline 0.001 -21"><span class='ocrx_word' id='word_1_123' title='bbox 252 1530 438 1582; x_wconf 79' lang='lat' dir='ltr'><strong>curuS,</strong></span> <span class='ocrx_word' id='word_1_124' title='bbox 462 1510 528 1582; x_wconf 89' lang='lat' dir='ltr'><strong>is,</strong></span> <span class='ocrx_word' id='word_1_125' title='bbox 553 1529 725 1587; x_wconf 87' lang='lat' dir='ltr'><strong>quem</strong></span> <span class='ocrx_word' id='word_1_126' title='bbox 758 1530 860 1567; x_wconf 90' lang='lat' dir='ltr'><strong>vos</strong></span> <span class='ocrx_word' id='word_1_127' title='bbox 893 1511 1067 1569; x_wconf 89' lang='lat' dir='ltr'><strong>nimis</strong></span> <span class='ocrx_word' id='word_1_128' title='bbox 1101 1511 1495 1589; x_wconf 86' lang='lat' dir='ltr'><strong>voluptatibus</strong></span> <span class='ocrx_word' id='word_1_129' title='bbox 1528 1530 1649 1569; x_wconf 84' lang='lat' dir='ltr'><strong>esse</strong></span> <span class='ocrx_word' id='word_1_130' title='bbox 1677 1511 1938 1569; x_wconf 88' lang='lat' dir='ltr'><strong>deditum</strong></span> 
     </span>
     <span class='ocr_line' id='line_1_19' title="bbox 251 1589 1941 1668; baseline 0.001 -21"><span class='ocrx_word' id='word_1_131' title='bbox 251 1590 461 1663; x_wconf 79' lang='lat' dir='ltr'><strong>dicitis,</strong></span> <span class='ocrx_word' id='word_1_132' title='bbox 482 1609 599 1648; x_wconf 90' lang='lat' dir='ltr'><strong>non</strong></span> <span class='ocrx_word' id='word_1_133' title='bbox 622 1610 790 1668; x_wconf 89' lang='lat' dir='ltr'><strong>posse</strong></span> <span class='ocrx_word' id='word_1_134' title='bbox 811 1591 1060 1649; x_wconf 88' lang='lat' dir='ltr'><strong>iucunde</strong></span> <span class='ocrx_word' id='word_1_135' title='bbox 1081 1592 1214 1663; x_wconf 86' lang='lat' dir='ltr'><strong>vivi,</strong></span> <span class='ocrx_word' id='word_1_136' title='bbox 1236 1591 1348 1649; x_wconf 88' lang='lat' dir='ltr'><strong>nisi</strong></span> <span class='ocrx_word' id='word_1_137' title='bbox 1375 1591 1678 1667; x_wconf 82' lang='lat' dir='ltr'><strong>sapienter,</strong></span> <span class='ocrx_word' id='word_1_138' title='bbox 1701 1589 1941 1649; x_wconf 84' lang='lat' dir='ltr'><strong>honeste</strong></span> 
     </span>
     <span class='ocr_line' id='line_1_20' title="bbox 251 1670 1942 1749; baseline 0.001 -21"><span class='ocrx_word' id='word_1_139' title='bbox 251 1670 513 1749; x_wconf 89' lang='lat' dir='ltr'><strong>iusteque</strong></span> <span class='ocrx_word' id='word_1_140' title='bbox 559 1671 799 1742; x_wconf 85' lang='lat' dir='ltr'><strong>vivatur,</strong></span> <span class='ocrx_word' id='word_1_141' title='bbox 836 1690 940 1730; x_wconf 90' lang='lat' dir='ltr'><strong>nec</strong></span> <span class='ocrx_word' id='word_1_142' title='bbox 989 1672 1294 1749; x_wconf 86' lang='lat' dir='ltr'><strong>sapienter,</strong></span> <span class='ocrx_word' id='word_1_143' title='bbox 1330 1671 1588 1742; x_wconf 86' lang='lat' dir='ltr'><strong>honeste,</strong></span> <span class='ocrx_word' id='word_1_144' title='bbox 1625 1671 1791 1743; x_wconf 86' lang='lat' dir='ltr'><strong>iuste,</strong></span> <span class='ocrx_word' id='word_1_145' title='bbox 1826 1671 1942 1729; x_wconf 90' lang='lat' dir='ltr'><strong>nisi</strong></span> 
     </span>
     <span class='ocr_line' id='line_1_21' title="bbox 250 1751 1943 1829; baseline 0 -20"><span class='ocrx_word' id='word_1_146' title='bbox 250 1751 513 1810; x_wconf 89' lang='lat' dir='ltr'><strong>iucunde.</strong></span> <span class='ocrx_word' id='word_1_147' title='bbox 586 1758 680 1810; x_wconf 84' lang='lat'><strong>58.</strong></span> <span class='ocrx_word' id='word_1_148' title='bbox 726 1751 930 1829; x_wconf 89' lang='lat' dir='ltr'><strong>Neque</strong></span> <span class='ocrx_word' id='word_1_149' title='bbox 957 1752 1112 1810; x_wconf 87' lang='lat' dir='ltr'><strong>enim</strong></span> <span class='ocrx_word' id='word_1_150' title='bbox 1142 1753 1344 1810; x_wconf 90' lang='lat' dir='ltr'><strong>civitas</strong></span> <span class='ocrx_word' id='word_1_151' title='bbox 1372 1752 1433 1809; x_wconf 91' lang='lat' dir='ltr'><strong>in</strong></span> <span class='ocrx_word' id='word_1_152' title='bbox 1462 1751 1744 1809; x_wconf 88' lang='lat' dir='ltr'><strong>seditione</strong></span> <span class='ocrx_word' id='word_1_153' title='bbox 1775 1751 1943 1809; x_wconf 84' lang='lat' dir='ltr'><strong>beata</strong></span> 
     </span>
     <span class='ocr_line' id='line_1_22' title="bbox 249 1831 1941 1909; baseline -0.001 -20"><span class='ocrx_word' id='word_1_154' title='bbox 249 1850 370 1890; x_wconf 89' lang='lat' dir='ltr'><strong>esse</strong></span> <span class='ocrx_word' id='word_1_155' title='bbox 398 1838 592 1909; x_wconf 89' lang='lat' dir='ltr'><strong>potest</strong></span> <span class='ocrx_word' id='word_1_156' title='bbox 618 1852 724 1890; x_wconf 90' lang='lat' dir='ltr'><strong>nec</strong></span> <span class='ocrx_word' id='word_1_157' title='bbox 751 1832 813 1890; x_wconf 91' lang='lat' dir='ltr'><strong>in</strong></span> <span class='ocrx_word' id='word_1_158' title='bbox 842 1833 1129 1890; x_wconf 88' lang='lat' dir='ltr'><strong>discordia</strong></span> <span class='ocrx_word' id='word_1_159' title='bbox 1150 1833 1518 1890; x_wconf 90' lang='lat' dir='ltr'><strong>dominorum</strong></span> <span class='ocrx_word' id='word_1_160' title='bbox 1547 1831 1787 1901; x_wconf 81' lang='lat' dir='ltr'><strong>domus3</strong></span> <span class='ocrx_word' id='word_1_161' title='bbox 1824 1849 1941 1909; x_wconf 89' lang='lat' dir='ltr'><strong>quo</strong></span> 
     </span>
     <span class='ocr_line' id='line_1_23' title="bbox 249 1911 1943 1989; baseline -0.001 -20"><span class='ocrx_word' id='word_1_162' title='bbox 249 1912 441 1970; x_wconf 91' lang='lat' dir='ltr'><strong>minus</strong></span> <span class='ocrx_word' id='word_1_163' title='bbox 481 1913 708 1970; x_wconf 87' lang='lat' dir='ltr'><strong>animus</strong></span> <span class='ocrx_word' id='word_1_164' title='bbox 740 1932 776 1969; x_wconf 88' lang='lat' dir='ltr'><strong>a</strong></span> <span class='ocrx_word' id='word_1_165' title='bbox 807 1932 866 1970; x_wconf 90' lang='lat' dir='ltr'><strong>se</strong></span> <span class='ocrx_word' id='word_1_166' title='bbox 905 1913 1027 1989; x_wconf 89' lang='lat' dir='ltr'><strong>ipse</strong></span> <span class='ocrx_word' id='word_1_167' title='bbox 1060 1912 1346 1970; x_wconf 88' lang='lat' dir='ltr'><strong>dissidens</strong></span> <span class='ocrx_word' id='word_1_168' title='bbox 1385 1930 1693 1989; x_wconf 87' lang='lat' dir='ltr'><strong>secumque</strong></span> <span class='ocrx_word' id='word_1_169' title='bbox 1731 1911 1943 1969; x_wconf 89' lang='lat' dir='ltr'><strong>discor-</strong></span> 
     </span>
     <span class='ocr_line' id='line_1_24' title="bbox 250 1991 1941 2070; baseline 0.001 -22"><span class='ocrx_word' id='word_1_170' title='bbox 250 1991 393 2049; x_wconf 86' lang='lat' dir='ltr'><strong>dans</strong></span> <span class='ocrx_word' id='word_1_171' title='bbox 445 2000 674 2069; x_wconf 87' lang='lat' dir='ltr'><strong>gustare</strong></span> <span class='ocrx_word' id='word_1_172' title='bbox 727 1999 949 2069; x_wconf 88' lang='lat' dir='ltr'><strong>partem</strong></span> <span class='ocrx_word' id='word_1_173' title='bbox 998 1992 1175 2050; x_wconf 90' lang='lat' dir='ltr'><strong>ullam</strong></span> <span class='ocrx_word' id='word_1_174' title='bbox 1223 1992 1473 2070; x_wconf 84' lang='lat' dir='ltr'><strong>liquidae</strong></span> <span class='ocrx_word' id='word_1_175' title='bbox 1520 1992 1834 2068; x_wconf 87' lang='lat' dir='ltr'><strong>voluptatis</strong></span> <span class='ocrx_word' id='word_1_176' title='bbox 1880 1998 1941 2049; x_wconf 87' lang='lat' dir='ltr'><strong>et</strong></span> 
     </span>
     <span class='ocr_line' id='line_1_25' title="bbox 250 2071 1941 2149; baseline 0.001 -21"><span class='ocrx_word' id='word_1_177' title='bbox 250 2071 459 2130; x_wconf 86' lang='lat' dir='ltr'><strong>liberae</strong></span> <span class='ocrx_word' id='word_1_178' title='bbox 487 2079 696 2149; x_wconf 85' lang='lat' dir='ltr'><strong>potest.</strong></span> <span class='ocrx_word' id='word_1_179' title='bbox 777 2072 962 2149; x_wconf 90' lang='lat' dir='ltr'><strong>Atqui</strong></span> <span class='ocrx_word' id='word_1_180' title='bbox 989 2072 1384 2149; x_wconf 85' lang='lat' dir='ltr'><strong>pugnantibus</strong></span> <span class='ocrx_word' id='word_1_181' title='bbox 1411 2079 1471 2129; x_wconf 90' lang='lat' dir='ltr'><strong>et</strong></span> <span class='ocrx_word' id='word_1_182' title='bbox 1497 2072 1796 2130; x_wconf 86' lang='lat' dir='ltr'><strong>contrariis</strong></span> <span class='ocrx_word' id='word_1_183' title='bbox 1823 2078 1941 2129; x_wconf 88' lang='lat' dir='ltr'><strong>stu·</strong></span> 
     </span>
     <span class='ocr_line' id='line_1_26' title="bbox 250 2151 1935 2230; baseline 0 -21"><span class='ocrx_word' id='word_1_184' title='bbox 250 2151 362 2209; x_wconf 89' lang='lat' dir='ltr'><strong>diis</strong></span> <span class='ocrx_word' id='word_1_185' title='bbox 411 2152 776 2228; x_wconf 86' lang='lat' dir='ltr'><strong>consiliisque</strong></span> <span class='ocrx_word' id='word_1_186' title='bbox 825 2171 1051 2229; x_wconf 85' lang='lat' dir='ltr'><strong>semper</strong></span> <span class='ocrx_word' id='word_1_187' title='bbox 1093 2160 1263 2210; x_wconf 87' lang='lat' dir='ltr'><strong>utens</strong></span> <span class='ocrx_word' id='word_1_188' title='bbox 1309 2152 1453 2209; x_wconf 90' lang='lat' dir='ltr'><strong>nihil</strong></span> <span class='ocrx_word' id='word_1_189' title='bbox 1497 2152 1678 2230; x_wconf 90' lang='lat' dir='ltr'><strong>quieti</strong></span> <span class='ocrx_word' id='word_1_190' title='bbox 1724 2152 1935 2222; x_wconf 85' lang='lat' dir='ltr'><strong>videre,</strong></span> 
     </span>
     <span class='ocr_line' id='line_1_27' title="bbox 250 2231 1939 2309; baseline 0 -21"><span class='ocrx_word' id='word_1_191' title='bbox 250 2231 395 2289; x_wconf 91' lang='lat' dir='ltr'><strong>nihil</strong></span> <span class='ocrx_word' id='word_1_192' title='bbox 423 2232 714 2309; x_wconf 87' lang='lat' dir='ltr'><strong>tranquilli</strong></span> <span class='ocrx_word' id='word_1_193' title='bbox 742 2238 951 2309; x_wconf 88' lang='lat' dir='ltr'><strong>potest.</strong></span> <span class='ocrx_word' id='word_1_194' title='bbox 1026 2238 1118 2290; x_wconf 88' lang='lat'><strong>59.</strong></span> <span class='ocrx_word' id='word_1_195' title='bbox 1161 2231 1332 2301; x_wconf 83' lang='lat' dir='ltr'><strong>Quod</strong></span> <span class='ocrx_word' id='word_1_196' title='bbox 1361 2232 1410 2289; x_wconf 89' lang='lat' dir='ltr'><strong>si</strong></span> <span class='ocrx_word' id='word_1_197' title='bbox 1439 2232 1693 2309; x_wconf 88' lang='lat' dir='ltr'><strong>corporis</strong></span> <span class='ocrx_word' id='word_1_198' title='bbox 1720 2232 1939 2309; x_wconf 82' lang='lat' dir='ltr'><strong>gravio—</strong></span> 
     </span>
     <span class='ocr_line' id='line_1_28' title="bbox 251 2312 1940 2390; baseline 0 -21"><span class='ocrx_word' id='word_1_199' title='bbox 251 2312 408 2370; x_wconf 83' lang='lat' dir='ltr'><strong>ribus</strong></span> <span class='ocrx_word' id='word_1_200' title='bbox 437 2312 653 2370; x_wconf 87' lang='lat' dir='ltr'><strong>morbis</strong></span> <span class='ocrx_word' id='word_1_201' title='bbox 686 2312 835 2369; x_wconf 88' lang='lat' dir='ltr'><strong>vitae</strong></span> <span class='ocrx_word' id='word_1_202' title='bbox 864 2312 1190 2370; x_wconf 87' lang='lat' dir='ltr'><strong>iucunditas</strong></span> <span class='ocrx_word' id='word_1_203' title='bbox 1216 2312 1548 2390; x_wconf 89' lang='lat' dir='ltr'><strong>impeditur,</strong></span> <span class='ocrx_word' id='word_1_204' title='bbox 1572 2320 1789 2390; x_wconf 87' lang='lat' dir='ltr'><strong>quanto</strong></span> <span class='ocrx_word' id='word_1_205' title='bbox 1821 2331 1940 2369; x_wconf 90' lang='lat' dir='ltr'><strong>ma·</strong></span> 
     </span>
     <span class='ocr_line' id='line_1_29' title="bbox 249 2391 1941 2469; baseline 0.001 -21"><span class='ocrx_word' id='word_1_206' title='bbox 249 2392 340 2469; x_wconf 88' lang='lat' dir='ltr'><strong>gis</strong></span> <span class='ocrx_word' id='word_1_207' title='bbox 373 2392 550 2449; x_wconf 89' lang='lat' dir='ltr'><strong>animi</strong></span> <span class='ocrx_word' id='word_1_208' title='bbox 585 2391 804 2449; x_wconf 87' lang='lat' dir='ltr'><strong>morbis</strong></span> <span class='ocrx_word' id='word_1_209' title='bbox 835 2392 1103 2469; x_wconf 89' lang='lat' dir='ltr'><strong>impediri</strong></span> <span class='ocrx_word' id='word_1_210' title='bbox 1137 2412 1366 2450; x_wconf 88' lang='lat' dir='ltr'><strong>necesse</strong></span> <span class='ocrx_word' id='word_1_211' title='bbox 1403 2393 1526 2451; x_wconf 81' lang='lat' dir='ltr'><strong>est!</strong></span> <span class='ocrx_word' id='word_1_212' title='bbox 1609 2391 1813 2449; x_wconf 89' lang='lat' dir='ltr'><strong>Animi</strong></span> <span class='ocrx_word' id='word_1_213' title='bbox 1845 2411 1941 2450; x_wconf 89' lang='lat' dir='ltr'><strong>au·</strong></span> 
     </span>
     <span class='ocr_line' id='line_1_30' title="bbox 250 2471 1941 2549; baseline -0.001 -20"><span class='ocrx_word' id='word_1_214' title='bbox 250 2481 371 2529; x_wconf 89' lang='lat' dir='ltr'><strong>tem</strong></span> <span class='ocrx_word' id='word_1_215' title='bbox 399 2471 589 2529; x_wconf 90' lang='lat' dir='ltr'><strong>morbi</strong></span> <span class='ocrx_word' id='word_1_216' title='bbox 618 2480 752 2529; x_wconf 89' lang='lat' dir='ltr'><strong>sunt</strong></span> <span class='ocrx_word' id='word_1_217' title='bbox 779 2472 1124 2549; x_wconf 88' lang='lat' dir='ltr'><strong>cupiditates</strong></span> <span class='ocrx_word' id='word_1_218' title='bbox 1154 2473 1464 2530; x_wconf 88' lang='lat' dir='ltr'><strong>immensae</strong></span> <span class='ocrx_word' id='word_1_219' title='bbox 1493 2478 1551 2530; x_wconf 89' lang='lat' dir='ltr'><strong>et</strong></span> <span class='ocrx_word' id='word_1_220' title='bbox 1579 2472 1777 2529; x_wconf 85' lang='lat' dir='ltr'><strong>inanes</strong></span> <span class='ocrx_word' id='word_1_221' title='bbox 1798 2472 1941 2529; x_wconf 88' lang='lat' dir='ltr'><strong>divi·</strong></span> 
     </span>
     <span class='ocr_line' id='line_1_31' title="bbox 250 2551 1939 2629; baseline -0.001 -20"><span class='ocrx_word' id='word_1_222' title='bbox 250 2552 478 2621; x_wconf 89' lang='lat' dir='ltr'><strong>tiarum,</strong></span> <span class='ocrx_word' id='word_1_223' title='bbox 522 2552 754 2629; x_wconf 73' lang='lat' dir='ltr'><strong>gloriae,</strong></span> <span class='ocrx_word' id='word_1_224' title='bbox 798 2552 1229 2623; x_wconf 75' lang='lat' dir='ltr'><strong>dominationiS,</strong></span> <span class='ocrx_word' id='word_1_225' title='bbox 1274 2552 1710 2610; x_wconf 89' lang='lat' dir='ltr'><strong>libidinosarum</strong></span> <span class='ocrx_word' id='word_1_226' title='bbox 1763 2551 1939 2609; x_wconf 88' lang='lat' dir='ltr'><strong>etiam</strong></span> 
     </span>
     <span class='ocr_line' id='line_1_32' title="bbox 250 2631 1943 2709; baseline 0 -20"><span class='ocrx_word' id='word_1_227' title='bbox 250 2632 630 2709; x_wconf 86' lang='lat' dir='ltr'><strong>voluptatum.</strong></span> <span class='ocrx_word' id='word_1_228' title='bbox 697 2632 1000 2690; x_wconf 89' lang='lat' dir='ltr'><strong>Accedunt</strong></span> <span class='ocrx_word' id='word_1_229' title='bbox 1025 2632 1430 2709; x_wconf 79' lang='lat' dir='ltr'><strong>aegritudineS,</strong></span> <span class='ocrx_word' id='word_1_230' title='bbox 1454 2631 1768 2701; x_wconf 87' lang='lat' dir='ltr'><strong>molestiae,</strong></span> <span class='ocrx_word' id='word_1_231' title='bbox 1791 2650 1943 2689; x_wconf 53' lang='lat' dir='ltr'><strong>mae</strong></span> 
     </span>
     <span class='ocr_line' id='line_1_33' title="bbox 250 2675 1942 2792; baseline -0.001 -23"><span class='ocrx_word' id='word_1_232' title='bbox 250 2731 421 2784; x_wconf 87' lang='lat' dir='ltr'><strong>rores,</strong></span> <span class='ocrx_word' id='word_1_233' title='bbox 447 2713 547 2792; x_wconf 91' lang='lat' dir='ltr'><strong>qui</strong></span> <span class='ocrx_word' id='word_1_234' title='bbox 576 2712 828 2770; x_wconf 88' lang='lat' dir='ltr'><strong>exedunt</strong></span> <span class='ocrx_word' id='word_1_235' title='bbox 855 2712 1078 2769; x_wconf 86' lang='lat' dir='ltr'><strong>animos</strong></span> <span class='ocrx_word' id='word_1_236' title='bbox 1111 2711 1537 2789; x_wconf 89' lang='lat' dir='ltr'><strong>conficiuntque</strong></span> <span class='ocrx_word' id='word_1_237' title='bbox 1565 2712 1732 2782; x_wconf 88' lang='lat' dir='ltr'><strong>curis,</strong></span> <span class='ocrx_word' id='word_1_238' title='bbox 1753 2675 1942 2768; x_wconf 72' lang='lat' dir='ltr'><strong>bomi-</strong></span> 
     </span>
     <span class='ocr_line' id='line_1_34' title="bbox 250 2791 1940 2868; baseline -0.001 -19"><span class='ocrx_word' id='word_1_239' title='bbox 250 2812 390 2849; x_wconf 90' lang='lat' dir='ltr'><strong>num</strong></span> <span class='ocrx_word' id='word_1_240' title='bbox 419 2812 536 2849; x_wconf 90' lang='lat' dir='ltr'><strong>non</strong></span> <span class='ocrx_word' id='word_1_241' title='bbox 565 2791 1041 2868; x_wconf 78' lang='lat' dir='ltr'><strong>intellegentium,</strong></span> <span class='ocrx_word' id='word_1_242' title='bbox 1062 2792 1207 2849; x_wconf 91' lang='lat' dir='ltr'><strong>nihil</strong></span> <span class='ocrx_word' id='word_1_243' title='bbox 1235 2791 1548 2850; x_wconf 88' lang='lat' dir='ltr'><strong>dolendum</strong></span> <span class='ocrx_word' id='word_1_244' title='bbox 1578 2810 1698 2849; x_wconf 87' lang='lat' dir='ltr'><strong>esse</strong></span> <span class='ocrx_word' id='word_1_245' title='bbox 1726 2791 1940 2861; x_wconf 89' lang='lat' dir='ltr'><strong>animo,</strong></span> 
     </span>
     <span class='ocr_line' id='line_1_35' title="bbox 252 2871 1944 2962; baseline -0.001 -32"><span class='ocrx_word' id='word_1_246' title='bbox 252 2873 409 2949; x_wconf 91' lang='lat' dir='ltr'><strong>quod</strong></span> <span class='ocrx_word' id='word_1_247' title='bbox 437 2873 513 2930; x_wconf 90' lang='lat' dir='ltr'><strong>sit</strong></span> <span class='ocrx_word' id='word_1_248' title='bbox 539 2893 574 2931; x_wconf 89' lang='lat' dir='ltr'><strong>a</strong></span> <span class='ocrx_word' id='word_1_249' title='bbox 600 2872 799 2930; x_wconf 89' lang='lat' dir='ltr'><strong>dolore</strong></span> <span class='ocrx_word' id='word_1_250' title='bbox 827 2872 1083 2962; x_wconf 78' lang='lat' dir='ltr'><strong>corporis</strong></span> <span class='ocrx_word' id='word_1_251' title='bbox 1111 2872 1397 2949; x_wconf 87' lang='lat' dir='ltr'><strong>praesenti</strong></span> <span class='ocrx_word' id='word_1_252' title='bbox 1425 2872 1697 2929; x_wconf 85' lang='lat' dir='ltr'><strong>futurove</strong></span> <span class='ocrx_word' id='word_1_253' title='bbox 1725 2871 1944 2928; x_wconf 88' lang='lat' dir='ltr'><strong>seiunc-</strong></span> 
     </span>
     <span class='ocr_line' id='line_1_36' title="bbox 249 2950 1945 3029; baseline -0.001 -20"><span class='ocrx_word' id='word_1_254' title='bbox 249 2955 394 3010; x_wconf 86' lang='lat' dir='ltr'><strong>tum.</strong></span> <span class='ocrx_word' id='word_1_255' title='bbox 478 2952 600 3010; x_wconf 89' lang='lat' dir='ltr'><strong>Nec</strong></span> <span class='ocrx_word' id='word_1_256' title='bbox 635 2972 768 3010; x_wconf 85' lang='lat' dir='ltr'><strong>vero</strong></span> <span class='ocrx_word' id='word_1_257' title='bbox 803 2952 1104 3029; x_wconf 90' lang='lat' dir='ltr'><strong>quisquam</strong></span> <span class='ocrx_word' id='word_1_258' title='bbox 1150 2950 1359 3009; x_wconf 89' lang='lat' dir='ltr'><strong>stultus</strong></span> <span class='ocrx_word' id='word_1_259' title='bbox 1399 2970 1516 3008; x_wconf 90' lang='lat' dir='ltr'><strong>non</strong></span> <span class='ocrx_word' id='word_1_260' title='bbox 1551 2950 1760 3008; x_wconf 89' lang='lat' dir='ltr'><strong>horum</strong></span> <span class='ocrx_word' id='word_1_261' title='bbox 1792 2969 1945 3008; x_wconf 89' lang='lat' dir='ltr'><strong>mor-</strong></span> 
     </span>
     <span class='ocr_line' id='line_1_37' title="bbox 250 3031 1940 3109; baseline -0.001 -19"><span class='ocrx_word' id='word_1_262' title='bbox 250 3032 454 3090; x_wconf 87' lang='lat' dir='ltr'><strong>borum</strong></span> <span class='ocrx_word' id='word_1_263' title='bbox 494 3033 687 3109; x_wconf 88' lang='lat' dir='ltr'><strong>aliquo</strong></span> <span class='ocrx_word' id='word_1_264' title='bbox 721 3031 978 3102; x_wconf 80' lang='lat' dir='ltr'><strong>laborat3</strong></span> <span class='ocrx_word' id='word_1_265' title='bbox 1029 3050 1201 3088; x_wconf 88' lang='lat' dir='ltr'><strong>nemo</strong></span> <span class='ocrx_word' id='word_1_266' title='bbox 1243 3031 1423 3108; x_wconf 83' lang='lat' dir='ltr'><strong>igitur</strong></span> <span class='ocrx_word' id='word_1_267' title='bbox 1462 3039 1550 3089; x_wconf 90' lang='lat' dir='ltr'><strong>est</strong></span> <span class='ocrx_word' id='word_1_268' title='bbox 1590 3049 1708 3087; x_wconf 90' lang='lat' dir='ltr'><strong>non</strong></span> <span class='ocrx_word' id='word_1_269' title='bbox 1752 3031 1940 3088; x_wconf 88' lang='lat' dir='ltr'><strong>miscr.</strong></span> 
     </span>
     <span class='ocr_line' id='line_1_38' title="bbox 254 3110 1941 3189; baseline -0.001 -20"><span class='ocrx_word' id='word_1_270' title='bbox 254 3118 347 3170; x_wconf 86' lang='lat'><strong>60.</strong></span> <span class='ocrx_word' id='word_1_271' title='bbox 391 3112 636 3171; x_wconf 85' lang='lat' dir='ltr'><strong>Accedit</strong></span> <span class='ocrx_word' id='word_1_272' title='bbox 664 3113 835 3170; x_wconf 75' lang='lat' dir='ltr'><strong>etiarn</strong></span> <span class='ocrx_word' id='word_1_273' title='bbox 868 3130 1041 3183; x_wconf 75' lang='lat' dir='ltr'><strong>mors,</strong></span> <span class='ocrx_word' id='word_1_274' title='bbox 1067 3130 1230 3189; x_wconf 86' lang='lat' dir='ltr'><strong>quae,</strong></span> <span class='ocrx_word' id='word_1_275' title='bbox 1256 3111 1418 3189; x_wconf 90' lang='lat' dir='ltr'><strong>quasi</strong></span> <span class='ocrx_word' id='word_1_276' title='bbox 1452 3130 1650 3169; x_wconf 84' lang='lat' dir='ltr'><strong>saxum</strong></span> <span class='ocrx_word' id='word_1_277' title='bbox 1680 3110 1941 3182; x_wconf 85' lang='lat' dir='ltr'><strong>Tanta10‚</strong></span> 
     </span>
     <span class='ocr_line' id='line_1_39' title="bbox 252 3192 1945 3273; baseline -0.001 -22"><span class='ocrx_word' id='word_1_278' title='bbox 252 3211 476 3270; x_wconf 87' lang='lat' dir='ltr'><strong>semper</strong></span> <span class='ocrx_word' id='word_1_279' title='bbox 518 3193 849 3271; x_wconf 81' lang='lat' dir='ltr'><strong>impendet3</strong></span> <span class='ocrx_word' id='word_1_280' title='bbox 891 3198 1014 3249; x_wconf 90' lang='lat' dir='ltr'><strong>tum</strong></span> <span class='ocrx_word' id='word_1_281' title='bbox 1056 3192 1408 3273; x_wconf 83' lang='lat' dir='ltr'><strong>superstit-io,</strong></span> <span class='ocrx_word' id='word_1_282' title='bbox 1434 3211 1548 3272; x_wconf 82' lang='lat' dir='ltr'><strong>qua</strong></span> <span class='ocrx_word' id='word_1_283' title='bbox 1585 3192 1685 3270; x_wconf 88' lang='lat' dir='ltr'><strong>qui</strong></span> <span class='ocrx_word' id='word_1_284' title='bbox 1722 3199 1809 3273; x_wconf 85' lang='lat' dir='ltr'><strong>est</strong></span> <span class='ocrx_word' id='word_1_285' title='bbox 1841 3192 1945 3270; x_wconf 66' lang='lat' dir='ltr'><strong>ime</strong></span> 
     </span>
    </p>
   </div>
   <div class='ocr_carea' id='block_1_3' title="bbox 2227 2927 2234 3448">
    <p class='ocr_par' dir='ltr' id='par_1_4' title="bbox 2227 2927 2234 3448">
     <span class='ocr_line' id='line_1_40' title="bbox 2227 2927 2234 3448; baseline 0 0"><span class='ocrx_word' id='word_1_286' title='bbox 2227 2927 2234 3448; x_wconf 95' lang='lat' dir='ltr'><strong> </strong></span> 
     </span>
    </p>
   </div>
  </div>
 </body>
</html>
