2259 3467
682 130 823 179 LIB.
854 130 940 191 V.‚
971 129 1128 180 CAP.
1159 130 1390 191 XXIII.‚
1409 129 1610 180 XXIV.
1899 133 1997 180 175

307 229 440 302 tiae,
471 228 520 287 si
578 230 1056 307 propinquitates,
1093 230 1142 288 si
1201 229 1421 307 reliqua
1479 237 1715 289 externa
1768 250 1997 289 summo

307 310 464 368 bono
494 330 611 368 non
640 311 1049 369 continentur?
1129 310 1259 368 Hac
1284 310 1549 369 videlicet
1575 310 1814 381 ratione,
1839 310 2002 388 quod'

262 461 268 467 ι
308 410 392 461 ea,
425 409 571 469 quae
598 397 833 448 externa
860 398 1010 462 sunt,
1033 390 1105 448 iis
1132 398 1364 449 tuemur
1391 390 1610 462 officim,
1636 410 1781 469 quae
1810 392 1999 449 oriun-

307 479 405 528 tur
435 490 470 527 a
502 489 607 528 suo
648 470 924 547 cuiusque
956 490 1166 547 genere
1198 470 1445 529 virtutis„
1530 470 1683 528 Nam
1727 477 1788 528 et
1827 471 1997 528 amici

309 550 498 609 cultus
530 557 590 608 et
621 551 875 628 parentis
907 551 976 621 ei,
1009 551 1108 627 qui
1137 549 1328 608 officio
1360 550 1643 627 fungitur,
1673 551 1733 608 in
1766 570 1836 608 eo
1871 551 1998 628 ipso

308 630 560 709 prodest,
592 630 749 708 quod
796 630 881 688 ita
919 631 1089 706 fungi
1139 629 1329 688 officio
1377 631 1436 688 in
1483 638 1635 688 recte
1677 630 1849 689 factis
1892 637 1998 702 est,

311 729 456 788 quae
484 717 619 767 sunt
647 721 772 768 orta
799 730 834 766 α
858 710 1182 769 virtutibus,
1268 710 1428 780 Quae
1452 711 1684 788 quidem
1714 711 2001 789 sapientes

311 798 629 868 sequuntur
656 784 911 864 [utentes
931 787 1254 869 tamquam]
1286 790 1431 848 duce
1459 800 1696 863 natura3
1738 809 1854 848 non
1880 809 2002 868 per·

308 871 452 928 fecti
480 877 674 928 autem
705 870 968 928 homines
995 879 1054 928 et
1086 881 1285 942 tamen
1317 871 1563 948 ingeniis
1591 869 2002 928 excellentibus

309 951 556 1028 praediti
590 953 913 1008 excitantur
944 970 1113 1028 saepe
1147 950 1347 1028 gloria,
1372 969 1517 1028 quae
1549 950 1725 1009 habet
1752 950 2000 1028 speciem

311 1030 631 1089 honestatis
663 1037 723 1088 et
756 1031 1213 1089 similitudinem.
1298 1030 1471 1100 Quod
1513 1031 1561 1088 si
1603 1031 1787 1109 ipsam
1826 1029 2004 1088 hone-

312 1119 519 1169 statem
535 1111 790 1188 undique
807 1112 1121 1188 perfectam
1143 1118 1315 1189 atque
1333 1110 1808 1189 absolutam‚rem
1827 1129 2000 1169 uuam

312 1191 819 1269 praeclarissimam
844 1191 1104 1249 omnium
1135 1192 1496 1269 maximeque
1525 1190 1888 1263 laudandam,
1908 1209 2006 1267 pe—

312 1271 469 1329 nitus
508 1271 784 1343 viderent,
816 1290 1065 1349 quonam
1123 1271 1339 1348 gaudio
1399 1270 1840 1349 complerentur,
1869 1290 1997 1329 cum

312 1358 479 1409 tanto
506 1370 679 1429 opere
707 1352 830 1409 eius
856 1350 1199 1410 adumbrata
1219 1351 1493 1429 opinione
1521 1352 1839 1409 laetentur?
1906 1351 1938 1408 7
1945 1357 1999 1408 Ο.

314 1430 497 1500 Quem
523 1432 674 1489 enim
700 1431 962 1489 deditum
984 1431 1395 1508 voluptatibuS,
1421 1449 1590 1508 quem
1615 1431 2003 1508 cupiditatum

314 1511 596 1569 incendiis
616 1510 1038 1569 inflammatum
1060 1512 1117 1569 in
1146 1511 1214 1568 iis
1235 1509 1544 1588 potiendiS,
1566 1528 1711 1587 quae
1732 1510 2005 1570 acerrime

315 1591 754 1669 concupivisset,
802 1598 968 1649 tanta
1026 1590 1245 1650 laetitia
1301 1589 1577 1669 perfundi
1643 1591 2004 1665 arbitramur,

317 1679 532 1749 quanta
566 1678 668 1729 aut
707 1672 1057 1748 superiorem
1094 1672 1435 1729 Africanum
1481 1671 1808 1730 Hannibale
1849 1672 2005 1730 victo

315 1759 418 1810 aut
437 1751 808 1829 posteriorem
842 1750 1192 1828 Carthagine
1214 1752 1443 1809 eversa?
1524 1750 1712 1820 Quem
1733 1752 2006 1811 Tiberina

316 1831 611 1889 descensio
644 1832 796 1890 festo
829 1831 930 1888 illo
964 1831 1059 1890 die
1099 1838 1266 1889 tanto
1298 1831 1513 1908 gaudio
1551 1832 1762 1903 affecit,
1788 1841 2005 1911 quanto

316 1911 380 1969 L.
413 1911 676 1983 Paulum,
712 1930 842 1969 cum
885 1930 1079 1989 regem
1121 1912 1358 1970 Persem
1399 1917 1636 1988 captum
1677 1913 2002 1984 adduceret,

317 1991 522 2050 eodem
559 1990 798 2049 flumine
839 1991 1126 2050 invectio?
1210 1991 1303 2050 71.
1348 1992 1480 2068 Age
1520 2011 1691 2063 nunc,
1722 1992 1864 2052 Luci
1907 2012 2008 2051 no·

318 2079 449 2142 ster,
469 2079 667 2129 extrue
689 2071 883 2129 animo
912 2071 1279 2130 altitudinem
1303 2071 1811 2151 excellentiamque
1835 2074 2007 2131 virtu-

316 2160 480 2224 tum3
523 2151 640 2209 iam
674 2170 789 2209 non
826 2150 1137 2221 dubitabis,
1162 2152 1301 2229 quin
1337 2170 1530 2209 earum
1567 2162 1867 2231 compotes
1908 2153 2009 2211 ho·

317 2232 520 2304 mines,
553 2251 763 2309 magno
790 2232 984 2290 auimo
1012 2238 1315 2308 erectoque
1340 2232 1610 2302 viventes,
1635 2253 1861 2312 semper
1891 2234 2007 2292 sint

317 2312 507 2385 beati3
553 2313 653 2390 qni
681 2331 882 2370 omnes
909 2319 1104 2370 motus
1137 2311 1406 2369 fortunae
1433 2314 1898 2391 mutationesque
1927 2333 2009 2371 re-

317 2412 447 2451 rnm
476 2400 536 2451 et
562 2400 888 2470 temporum
913 2393 1063 2451 leves
1085 2399 1145 2450 et
1166 2391 1484 2450 imbecillos
1504 2393 1631 2451 fore
1652 2393 2005 2470 intellegant,

320 2473 370 2531 si
419 2473 478 2531 in
529 2472 757 2531 virtutis
803 2481 1092 2531 certamen
1141 2473 1420 2531 venerint.
1505 2472 1613 2530 Illa
1659 2474 1831 2543 enim,
1864 2491 2009 2550 quae

321 2559 458 2611 sunt
497 2571 532 2610 a
570 2551 740 2610 nobis
780 2552 934 2610 bona
973 2554 1231 2631 corporis
1271 2560 1586 2624 numerata,
1617 2553 1912 2631 complent
1942 2571 2011 2611 ea

323 2633 557 2710 quidem
585 2631 972 2690 beatissimam
1002 2634 1201 2706 vitam,
1232 2634 1333 2692 sed
1368 2634 1466 2706 ita,
1496 2640 1564 2691 ut
1592 2633 1714 2691 sine
1740 2632 1853 2690 illis
1880 2650 2010 2709 pos-

323 2714 399 2771 sit
431 2712 599 2772 beata
629 2713 749 2771 vita
781 2713 1038 2773 existere.
1125 2713 1218 2772 Ita
1248 2714 1402 2773 enim
1438 2732 1644 2792 parvae
1679 2719 1738 2771 et
1769 2711 2020 2788 exiguae

323 2799 460 2851 sunt
489 2794 633 2851 istae
673 2794 1025 2852 accessiones
1064 2792 1371 2866 bonorum,
1402 2802 1482 2866 ut,
1520 2793 2008 2871 quemadmodum

324 2872 520 2931 stellae
546 2874 606 2930 in
635 2873 810 2930 radiis
843 2874 997 2945 soliS,
1022 2875 1104 2932 sic
1137 2875 1281 2934 istae
1308 2875 1369 2932 in
1399 2875 1674 2932 virtutum
1707 2871 2010 2950 splendore

323 2971 398 3010 ne
431 2962 733 3011 cernantur
766 2954 1017 3031 quidem.
1106 2957 1198 3012 72.
1225 2956 1432 3032 ⁴Atque
1468 2953 1577 3011 hoc
1610 2959 1677 3009 ut
1711 2971 1840 3010 vere
1873 2951 2013 3010 dici·

323 3039 436 3102 tur,
476 3052 652 3109 parva
698 3052 819 3091 esse
867 3033 941 3091 ad
986 3034 1152 3092 beate
1201 3033 1508 3091 vivendum
1556 3039 1855 3089 momenta
1900 3032 2012 3089 ista

325 3114 582 3190 corporis
647 3114 1103 3184 commodorum,
1156 3113 1237 3171 sic
1302 3113 1477 3170 nimis
1540 3111 1858 3169 violentum
1923 3117 2013 3168 est

325 3192 484 3250 nulla
510 3212 631 3250 esse
659 3192 881 3267 dicere;
925 3194 1024 3271 qui
1046 3193 1201 3252 enim
1231 3193 1312 3252 sic
1333 3192 1650 3270 disputant,
1670 3191 1838 3250 obliti
1864 3189 2012 3248 mihi
