2259 3467
730 165 735 170 ,
785 103 923 152 L113.
952 102 1048 164 11.‚
1077 101 1235 152 CAP.
1266 100 1579 150 X11.-X1V.
1823 91 1830 94 *
1965 101 2033 151 49

338 224 512 283 quam
555 211 620 262 ut
662 204 887 275 Stoicis,
921 197 1260 281 quibuscum
1306 201 1517 261 bellum
1560 200 1811 278 gerebat,
1849 221 2028 279 oppo-

338 294 537 357 neret3
581 284 643 342 id
676 291 868 341 autem
904 283 1186 341 eiusmodi
1222 289 1327 354 est,
1352 290 1419 340 ut
1451 282 1711 340 additum
1748 282 1823 340 ad
1855 283 2030 340 virtu-

339 373 458 422 tem
493 365 892 422 auctoritatem
923 363 1183 421 videatur
1216 362 1548 421 habiturum
1577 370 1637 420 et
1670 362 2031 440 expleturum

338 444 627 503 cumulate
655 445 833 501 vitam
864 443 1107 514 beatam,
1132 443 1206 500 de
1236 461 1351 520 quo
1386 443 1575 500 omnis
1604 442 1743 500 haec
1772 444 2031 520 quaestio

339 533 441 583 cst.
528 524 679 581 Nam
715 524 815 600 qui
856 523 931 580 ad
970 523 1243 581 virtutem
1285 522 1610 599 adiungunt
1648 521 1735 580 vel
1775 522 2033 599 volupta-

339 614 476 676 tem,
502 624 674 682 quam
704 623 876 661 unam
910 603 1088 660 virtus
1121 602 1352 660 minimi
1380 603 1540 674 facit,
1563 602 1651 661 vel
1689 603 2030 661 vacuitatem

340 685 572 755 doloriS,
616 703 777 761 quae,
820 683 1046 741 etiamsi
1101 682 1255 740 malo
1311 690 1481 753 caret,
1522 690 1717 740 tamen
1773 701 1888 739 non
1945 690 2033 740 est

340 783 631 822 summum
673 764 910 835 bonum,
946 763 1271 821 accessione
1320 770 1561 821 utuntur
1609 782 1725 819 non
1774 762 1858 820 ita
1905 781 2033 839 pro-

339 843 533 913 babili,
558 863 662 901 nec
695 851 908 914 tamen,
932 862 1032 901 cur
1062 843 1122 900 id
1150 849 1270 900 tam
1305 861 1474 920 parce
1506 851 1741 920 tamque
1774 843 2032 900 restricte

339 925 574 995 faciant,
596 923 885 1000 intellego,
949 922 1123 992 Quasi
1148 923 1300 981 enim
1326 923 1634 980 emendum
1657 922 1739 980 eis
1762 922 1852 991 sit,
1875 921 2033 999 quod

340 1004 558 1061 addant
597 1003 670 1060 ad
706 1003 994 1072 virtutem,
1026 1003 1279 1079 primum
1319 1003 1620 1060 vilissimas
1660 1021 1750 1060 res
1790 1002 2028 1074 addunt,

340 1083 550 1142 deinde
585 1083 838 1160 singulas
870 1084 1081 1161 potius,
1109 1102 1280 1161 quam
1311 1082 1523 1154 omnia,
1550 1101 1693 1161 quae
1727 1082 1911 1159 prima
1938 1101 2033 1139 na·

340 1171 470 1222 tura
506 1164 953 1241 approbavisset,
986 1183 1052 1221 ea
1089 1182 1221 1221 cum
1257 1162 1556 1220 honestate
1598 1163 2027 1241 coniungerent.

341 1249 434 1301 43.
481 1243 639 1313 Quae
683 1244 838 1321 quod
881 1243 1144 1302 Aristoni
1190 1250 1249 1301 et
1290 1242 1581 1320 Pyrrhoni
1631 1243 1869 1300 omnino
1911 1243 2033 1299 visa

340 1332 475 1382 sunt
501 1343 607 1402 pro
641 1323 841 1396 nihilo,
865 1331 933 1382 nt
959 1324 1111 1381 inter
1145 1323 1365 1401 optime
1394 1323 1578 1381 valere
1613 1329 1670 1381 et
1698 1322 2031 1401 gravissime

338 1412 633 1480 aegrotare
668 1403 812 1462 nihil
845 1423 1078 1481 prorsus
1112 1404 1369 1462 dicerent
1407 1403 1697 1474 interesse,
1728 1410 1880 1460 recte
1916 1403 2027 1459 iam

339 1484 564 1561 pridem
593 1492 795 1542 contra
821 1503 920 1541 eos
942 1484 1189 1541 desitum
1216 1491 1303 1541 est
1326 1482 1621 1559 disputari.
1686 1482 1844 1540 Dum
1874 1482 2029 1539 enim

337 1565 398 1621 in
434 1582 550 1621 una
582 1565 794 1621 virtute
828 1564 909 1621 sic
948 1564 1145 1620 omnia
1181 1582 1301 1620 esse
1336 1563 1656 1630 voluerunt,
1687 1569 1754 1619 ut
1791 1581 1915 1619 eam
1951 1582 2033 1619 re-

341 1661 466 1700 rum
519 1642 824 1700 selectione
878 1642 1233 1718 expoliarent
1281 1660 1385 1699 nec
1439 1642 1491 1698 ei
1542 1641 1873 1717 quidquam,
1924 1649 2023 1698 aut

342 1721 496 1778 unde
551 1722 806 1792 oriretur,
852 1721 1070 1792 darent,
1114 1728 1216 1778 aut
1267 1720 1369 1777 ubi
1421 1721 1713 1789 niteretur,
1753 1721 2020 1784 virtutem

342 1801 544 1878 ipsam,
567 1819 736 1878 quam
762 1800 1249 1877 amplexabantur,
1270 1800 1635 1858 sustulerunt.
1704 1799 1913 1857 Erillus
1934 1820 2029 1856 au·

340 1888 478 1951 tem,
510 1880 584 1937 ad
627 1880 921 1938 scientiam
968 1880 1161 1938 omnia
1202 1899 1490 1952 revocanS,
1523 1898 1698 1936 unum
1737 1878 2027 1956 quoddam

340 1960 557 2019 bonum
595 1960 757 2032 vidit,
790 1961 890 2018 sed
926 1980 1029 2017 nec
1069 1960 1358 2036 opt-imum
1393 1980 1497 2018 nec
1532 1979 1647 2037 quo
1682 1960 1800 2017 vita
1829 1958 2032 2036 guber-

337 2041 462 2097 nari
492 2041 690 2118 possit.
755 2040 958 2119 Itaque
980 2040 1074 2098 hic
1104 2041 1226 2118 ipse
1247 2040 1362 2097 iam
1392 2040 1614 2117 pridem
1639 2046 1726 2097 cst
1753 2040 2026 2111 reiectus3

337 2128 473 2198 post
500 2121 651 2178 enim
685 2120 1077 2198 Chrysippum
1108 2140 1225 2178 non
1256 2140 1389 2178 sane
1419 2128 1505 2177 est
1533 2119 1907 2196 disputatum.

418 2200 584 2260 XIV.
630 2200 881 2259 Restatis
922 2201 1104 2278 igitur
1145 2218 1281 2267 vos;
1327 2220 1457 2257 nam
1494 2219 1624 2257 cum
1665 2199 2028 2257 Academicis

336 2281 555 2338 incerta
587 2281 826 2339 luctatio
860 2288 963 2353 est,
995 2281 1096 2359 qui
1130 2281 1274 2338 nihil
1309 2279 1595 2337 affirmant
1633 2286 1707 2351 et,
1740 2281 1901 2358 quasi
1935 2280 2029 2337 de-

337 2368 564 2438 sperata
603 2361 936 2437 cognitione
977 2362 1137 2432 certi,
1170 2361 1231 2418 id
1272 2360 1434 2437 sequi
1472 2360 1690 2431 volunt,
1716 2359 2028 2437 quodcum-

338 2460 450 2518 que
486 2441 602 2498 veri
636 2440 821 2500 simile
857 2441 1131 2499 videatur.
1220 2445 1312 2498 44.
1359 2440 1509 2497 Cum
1545 2439 1795 2517 Epicuro
1835 2448 2027 2496 autem

336 2521 448 2579 hoc
478 2521 606 2598 plus
634 2529 720 2579 est
749 2521 986 2598 negotii,
1005 2520 1164 2598 quod
1186 2540 1216 2578 e
1239 2520 1457 2598 duplici
1486 2539 1693 2596 genere
1717 2519 2028 2595 voluptatis

337 2601 698 2662 coniunctus,
725 2608 829 2670 est,
862 2601 1131 2679 quodque
1182 2607 1241 2658 ct
1288 2601 1411 2676 ipse
1466 2608 1525 2656 et
1573 2599 1743 2656 amici
1792 2599 1915 2655 eius
1969 2606 2027 2655 et

337 2680 506 2738 multi
549 2688 749 2759 postea
790 2681 1120 2738 defensores
1163 2680 1285 2737 eius
1327 2679 1644 2736 sententiae
1684 2678 1937 2748 fuerunt,
1969 2684 2027 2734 et

337 2760 530 2818 nescio
566 2760 859 2838 quomodo
900 2761 967 2831 is,
1001 2761 1097 2838 qui
1145 2759 1547 2817 auctoritatem
1590 2758 1887 2814 minimam
1932 2756 2028 2814 ha-

338 2839 451 2911 bet,
483 2841 792 2898 maximam
836 2840 970 2912 vim,
1003 2840 1254 2918 populus
1296 2857 1427 2896 cum
1470 2836 1583 2895 illis
1624 2837 1781 2894 facit.
1868 2835 2027 2905 Quos

337 2921 448 2977 nisi
491 2920 901 2997 redarguimuS,
939 2921 1130 2977 omnis
1171 2919 1369 2987 virtuS,
1402 2935 1574 2974 omne
1616 2916 1805 2987 decuS‚
1838 2917 2027 2973 omnis

336 3019 469 3057 vera
512 3000 634 3057 laus
677 3000 990 3057 deserenda
1033 3006 1136 3057 est.
1222 2998 1313 3055 Ita
1362 3002 1681 3053 ceterorum
1727 2996 2027 3053 sententiis

334 3081 590 3152 semotiS‚
630 3077 971 3157 relinquitur
1025 3098 1140 3135 non
1193 3076 1338 3134 mihi
1393 3093 1524 3132 cum
1573 3073 1884 3152 TorquatO,
1926 3074 2026 3131 sed

332 3162 536 3220 virtuti
571 3180 701 3218 cum
737 3159 1047 3235 voluptate,
1075 3157 1331 3216 certatio,
1408 3153 1602 3222 ‘Quam
1641 3155 1873 3233 quidem
1913 3172 2026 3209 cer-
