2259 3467
700 126 840 175 LIB.
870 126 993 189 ΙΙΙ.,
1023 125 1183 177 CAP.
1211 125 1609 177 XVL-XVIII.
1904 127 1999 175 103

309 235 430 287 tem
461 226 734 300 officium,
759 228 916 305 quod
946 228 1028 286 ita
1059 228 1278 285 factum
1316 234 1419 298 est,
1443 233 1510 285 ut
1542 228 1665 286 eius
1696 223 1840 285 facti
1873 247 2002 304 pro-

310 308 522 367 babilis
552 308 700 365 ratio
742 308 906 365 reddi
948 308 1167 384 possit-,3
1211 327 1278 366 ex
1325 325 1440 385 quo
1482 307 1850 384 intellegitur,
1883 306 2003 364 offi-

312 389 466 447 cium
506 388 764 446 medium
809 387 1085 465 quiddam
1124 406 1263 458 esse,
1296 387 1453 464 quod
1502 406 1687 464 neque
1729 387 1790 444 in
1832 387 2001 444 bonis

355 475 564 527 onatur
592 486 776 545 neque
811 468 872 525 in
907 467 1223 526 contrariis,
1301 467 1703 545 Quoniamque
1730 467 1789 523 in
1819 467 1892 524 iis
1920 486 2004 525 rc-

312 489 438 620 ξιιε,
471 567 617 626 quae
651 567 837 624 neque
870 547 931 604 in
968 546 1276 605 virtutibus
1318 554 1453 604 sunt
1495 566 1682 624 neque
1727 547 1785 604 in
1824 547 1998 618 vitiis,

313 635 402 686 est
427 635 624 686 tamen
648 628 942 705 quiddam,
968 627 1124 705 quod
1155 629 1286 685 usui
1314 627 1497 704 possit
1516 646 1655 698 esse,
1679 626 1998 684 tollendum

311 708 376 766 id
417 727 534 765 non
579 716 681 766 est.
765 707 872 765 Est
911 715 1103 765 autem
1155 707 1278 765 eius
1317 705 1544 783 generis
1587 706 1737 764 actio
1772 725 2001 783 quoque

314 788 614 865 quaedam,
651 794 712 845 et
759 787 994 865 quidem
1043 787 1193 859 talis,
1228 794 1295 844 ut
1342 787 1491 844 ratio
1540 787 1794 879 postulet
1834 806 2002 863 agere

313 868 534 946 aliquid
563 874 622 925 et
655 868 843 925 facere
870 884 1103 939 eorum3
1149 866 1307 944 quod
1334 874 1525 924 autem
1556 863 1776 924 ratione
1803 875 1999 923 actum

314 955 420 1020 est,
450 947 513 1005 id
547 945 800 1005 officium
834 946 1219 1025 appellamus3
1262 954 1351 1004 est
1382 944 1561 1023 igitur
1594 945 1842 1004 officium
1880 945 2003 1002 eius
2032 995 2035 999 ,

312 1028 555 1105 generiS,
581 1027 738 1105 quod
766 1046 871 1085 nec
900 1028 960 1084 in
989 1026 1159 1084 bonis
1187 1033 1436 1105 ponatur
1461 1046 1567 1084 nec
1593 1024 1656 1083 in
1685 1026 1999 1084 contrariis,

395 1107 628 1166 XVIII.
716 1113 809 1165 59.
845 1107 1046 1184 Atque
1086 1107 1454 1185 perspicuum
1497 1107 1671 1164 etiam
1711 1106 1855 1163 illud
1896 1112 2000 1176 est,

315 1188 377 1245 in
406 1188 534 1245 istis
562 1186 730 1245 rebus
756 1187 965 1245 mediis
986 1187 1204 1265 aliquid
1234 1206 1401 1263 agere
1430 1187 1764 1265 sapientem.
1849 1185 2004 1244 Iudi·-

314 1276 410 1325 cat
437 1268 632 1344 igitur,
657 1287 788 1326 cum
817 1268 956 1344 agit,
989 1267 1241 1325 officium
1271 1267 1413 1325 illud
1443 1287 1579 1325 esse.
1666 1266 1836 1336 Quod
1867 1285 2005 1343 quo-

314 1348 475 1405 niam
504 1366 819 1424 numquam
854 1348 1074 1405 fallitur
1107 1348 1166 1404 in
1203 1347 1529 1417 iudicandO,
1561 1347 1669 1406 erit
1702 1347 1760 1404 in
1797 1346 2003 1403 mediis

314 1426 485 1485 rebus
513 1426 800 1499 officium3
845 1427 1002 1504 quod
1030 1426 1274 1486 efficitur
1302 1427 1408 1485 hac
1436 1428 1605 1485 etiam
1638 1426 2004 1484 conclusione

315 1507 588 1565 rationis:
624 1507 909 1576 Quoniam
933 1508 1088 1564 enim
1109 1507 1369 1565 videmus
1390 1526 1511 1564 esse
1529 1507 1823 1584 quiddam,
1847 1505 2005 1582 quod

315 1595 469 1646 recte
496 1588 716 1645 factum
742 1587 1109 1665 appellemus,
1130 1587 1192 1645 id
1214 1595 1407 1645 autem
1435 1594 1523 1644 est
1543 1588 1863 1663 perfectum
1887 1584 2008 1643 offi-

314 1669 490 1740 cium,
517 1669 626 1726 erit
666 1668 841 1726 etiam
883 1667 1253 1739 inchoatum3
1296 1675 1380 1737 ut,
1404 1668 1452 1724 si
1492 1667 1641 1725 iuste
1674 1666 2005 1743 depositum

315 1748 552 1806 reddere
580 1747 640 1805 in
676 1755 828 1805 recte
854 1748 1027 1805 factis
1060 1749 1153 1818 sit,
1176 1748 1237 1805 in
1273 1745 1475 1805 officiis
1508 1753 1757 1824 ponatur
1783 1746 2007 1823 deposi-

314 1836 441 1886 tum
465 1827 700 1886 reddere
722 1846 738 1900 3
778 1827 880 1885 illo
903 1829 1057 1886 enim
1081 1828 1298 1897 addito,
1324 1828 1483 1899 iuste,
1504 1825 1572 1884 fit
1593 1833 1744 1885 recte
1765 1826 2005 1899 factum,

315 1927 420 1985 per
452 1928 511 1965 se
544 1915 738 1972 autem
779 1908 890 1966 hoc
923 1910 1116 1985 ipsum
1157 1907 1392 1966 reddere
1425 1908 1487 1965 in
1529 1906 1718 1965 officio
1751 1906 2003 1984 ponitur.

316 1988 719 2066 Quoniamque
740 2007 856 2046 non
889 1988 1258 2058 dubiumest,
1285 1988 1422 2064 quin
1446 1987 1508 2045 in
1535 1988 1622 2059 iis,
1646 2007 1790 2065 quae
1817 1986 2009 2044 media

316 2068 594 2138 dicamus,
615 2068 692 2126 sit
712 2068 868 2126 aliud
891 2068 1252 2140 sumendum,
1277 2068 1433 2126 aliud
1455 2067 1824 2139 reiciendum,
1847 2068 2008 2144 quid-

318 2148 461 2225 quid
489 2149 571 2206 ita
598 2147 666 2206 fit
693 2155 793 2206 aut
820 2149 1047 2219 dicitur,
1073 2168 1246 2207 omne
1275 2147 1464 2207 officio
1493 2148 1834 2207 continetur.
1920 2147 2009 2205 Ex

318 2247 436 2305 quo
469 2227 838 2306 intellegitur,
863 2229 1135 2306 quoniam
1169 2249 1248 2288 se·
1270 2230 1382 2306 ipsi
1417 2248 1616 2293 omnes
1648 2236 1852 2287 natura
1884 2227 2011 2286 dili-

317 2315 479 2385 gant,
503 2316 623 2366 tam
657 2309 1027 2386 insipientem
1062 2328 1235 2387 quam
1270 2309 1588 2401 sapientem
1622 2316 2005 2386 sumpturum,

218 2405 231 2418 ’
319 2408 467 2466 quae
496 2388 811 2446 secundum
844 2397 1108 2447 naturam
1146 2389 1277 2461 sint,
1303 2389 1759 2465 reiecturumque
1789 2397 2011 2446 contra-

317 2469 419 2527 ria.
506 2468 597 2525 Ita
637 2475 725 2527 est
759 2469 1050 2547 quoddam
1093 2488 1399 2527 commune
1442 2467 1714 2526 officium
1737 2468 2011 2544 sapientis

319 2556 379 2607 et
420 2549 778 2626 insipientis3
827 2569 897 2607 ex
939 2568 1054 2627 quo
1097 2549 1355 2621 efficitur,
1381 2549 1588 2606 versari
1633 2548 1692 2605 in
1748 2547 1835 2619 iis,
1865 2567 2010 2624 quae

318 2628 514 2686 media
546 2629 819 2687 dicamus.
906 2634 998 2688 60.
1044 2629 1160 2688 Sed
1202 2649 1333 2687 cum
1376 2629 1448 2686 ab
1482 2628 1573 2685 his
1606 2627 1803 2686 omnia
1843 2626 2014 2704 profi-

319 2709 608 2767 ciscantur
636 2708 838 2782 officia,
862 2728 981 2766 non
1016 2710 1138 2767 sine
1167 2729 1335 2767 causa
1363 2708 1590 2778 dicitur,
1615 2708 1688 2765 ad
1718 2727 1785 2765 ea
1812 2706 2012 2764 referri

320 2808 524 2846 omnes
551 2795 775 2846 nostras
803 2790 1200 2866 cogitationeS,
1226 2790 1283 2847 in
1315 2789 1405 2846 his
1432 2794 1491 2845 et
1519 2806 1812 2846 excessum
1841 2806 1872 2844 e
1895 2787 2013 2844 vita

319 2868 462 2927 etin
486 2869 606 2926 vita
631 2870 1006 2928 mansionem.
1092 2870 1161 2927 In
1188 2889 1301 2947 quo
1325 2869 1478 2926 enim
1501 2867 1665 2944 plura
1685 2873 1847 2963 .S¹¹nt'
1868 2886 2012 2944 quae

319 2949 636 3007 secundum
656 2958 921 3007 naturam
943 2956 1092 3020 sunt,
1105 2950 1278 3007 huius
1301 2948 1550 3006 officium
1575 2948 1699 3006 est
1683 2968 1741 3005 ιιι
1763 2947 1879 3004 vita
1897 2967 2014 3003 ma-

317 3046 493 3100 nere3
527 3030 589 3086 in
613 3049 728 3106 quo
757 3037 950 3086 autem
980 3037 1080 3086 aut
1101 3036 1235 3086 sunt
1257 3028 1421 3104 plura
1448 3027 1732 3083 contraria
1760 3033 1860 3083 aut
1887 3027 2013 3083 fore

317 3108 609 3179 videntur,
635 3109 806 3166 huius
840 3108 1089 3165 officium
1128 3115 1215 3165 est
1243 3127 1273 3165 e
1302 3106 1420 3162 vita
1449 3106 1735 3163 excedere.
1818 3105 1869 3162 E
1899 3125 2013 3181 quo

317 3196 578 3267 apparet,
603 3196 662 3247 et
684 3189 960 3266 sapientis
981 3207 1101 3245 esse
1123 3185 1433 3265 aliquando
1464 3184 1717 3245 officium
1746 3185 2015 3244 excedere
