2259 3467
791 84 932 135 Lm.
963 85 1059 146 11.,
1090 84 1248 134 CAP.
1277 75 1599 145 x1V.,XV.
1982 88 2046 134 51

353 185 743 264 magnificum,
769 187 842 244 ad
878 186 1275 263 imperandum
1316 186 1502 263 magis
1537 205 1706 263 quam
1743 185 1817 243 ad
1849 204 2049 263 paren-

351 269 494 334 dum
530 267 1047 338 accommodatum,
1074 267 1270 333 omnia
1301 266 1550 323 humana
1577 285 1693 322 non
1729 266 2049 324 tolerabilia

353 348 558 420 solum,
584 348 684 405 sed
713 348 887 404 etiam
918 347 1064 404 levia
1097 347 1331 418 ducenS,
1355 346 1535 403 altum
1566 346 1842 424 quiddam
1872 355 1929 404 et
1957 366 2048 404 ex-

352 428 585 499 celsum,
623 427 764 484 nihil
808 429 1039 497 timenS‚
1076 427 1294 484 nemini
1343 427 1568 499 cedenS,
1603 446 1831 503 semper
1874 427 2049 485 invic-

352 517 496 567 tum.
583 508 678 567 47.
724 509 922 585 Atque
965 507 1056 564 his
1096 506 1282 565 tribus
1323 507 1629 584 generibus
1670 507 2045 565 honestorum

348 589 584 660 notatis,
612 595 879 666 quartum
915 587 1174 664 sequitur
1207 594 1266 645 et
1296 587 1352 643 in
1383 587 1582 644 eadem
1617 586 2047 664 pulchritudine

348 677 413 727 ct
445 677 646 746 aptum
681 688 751 726 ex
785 669 897 726 illis
931 668 1132 737 tribus»,
1164 668 1221 724 in
1256 687 1371 745 quo
1404 667 1555 725 inest
1588 667 1731 724 ordo
1766 674 1825 725 et
1854 667 2048 726 mode-

352 750 516 807 ratio,
614 748 795 806 Cuius
843 748 1223 806 similitudine
1271 755 1572 825 perspecta
1619 747 1678 804 in
1728 748 2047 805 formarum

352 830 542 906 specie
595 848 661 887 ac
715 829 1016 906 dignitate,
1059 828 1365 886 transitum
1421 835 1508 884 est
1561 827 1636 885 ad
1684 826 2046 885 honestatem

353 910 641 967 dictorum
670 918 843 987 atque
876 910 1182 966 factorum.
1254 907 1406 966 Nam
1435 927 1505 965 ex
1539 907 1630 965 his
1657 907 1842 973 tribus
1871 908 2048 966 laudi-

352 990 477 1062 buS,
516 1009 657 1067 quas
701 998 833 1047 ante
882 989 1019 1061 dixi,
1056 997 1115 1046 et
1164 989 1546 1047 temeritatem
1599 988 1940 1046 reformidat
1988 997 2048 1047 et

352 1089 472 1126 non
505 1070 679 1128 audet
712 1070 978 1147 cuiquam
1009 1077 1108 1127 aut
1138 1070 1295 1127 dicto
1330 1076 1599 1145 protervo
1633 1075 1734 1126 aut
1761 1069 1919 1127 facto
1947 1088 2049 1127 no·

350 1169 496 1221 cere,
540 1158 877 1228 vereturque
928 1149 1242 1228 quidquam
1295 1156 1397 1207 aut
1445 1149 1634 1207 facere
1684 1156 1785 1207 aut
1833 1149 2044 1228 eloqui,

354 1230 510 1308 quod
540 1250 743 1308 parum
772 1230 932 1288 virile
963 1231 1237 1288 videatur.

431 1310 568 1370 XV.
652 1316 745 1369 48.
791 1310 989 1368 Habes
1018 1311 1274 1387 undique
1304 1309 1587 1387 expletam
1621 1317 1681 1368 et
1710 1309 2044 1387 perfectam,

351 1390 658 1468 Torquate,
682 1392 935 1449 formam
963 1390 1300 1462 honestatiS,
1327 1410 1472 1468 quae
1500 1397 1626 1448 tota
1656 1397 1928 1468 quattuor
1956 1390 2048 1448 his

350 1472 680 1544 virtutibuS,
713 1490 857 1549 quae
900 1490 936 1528 a
977 1479 1037 1528 te
1083 1489 1314 1548 quoque
1359 1478 1842 1528 commemoratae
1893 1477 2044 1542 sunt,

352 1552 696 1609 continetur.
788 1550 958 1608 Hanc
1000 1569 1061 1607 se
1100 1558 1239 1607 tuus
1279 1550 1563 1626 Epicurus
1605 1550 1843 1608 omnino
1886 1551 2048 1626 igno-

351 1650 476 1687 rare
510 1629 654 1687 dicit
688 1649 856 1707 quam
894 1636 994 1692 aut
1029 1629 1255 1706 qualem
1290 1648 1412 1686 csse
1443 1628 1621 1686 velint
1654 1630 1715 1700 ii,
1731 1629 1839 1706 qui
1875 1629 2047 1687 houe-

356 1718 503 1767 state
547 1715 836 1766 summum
871 1708 1090 1766 bonum
1132 1709 1459 1766 metiantur.
1546 1708 1608 1766 Si
1644 1709 1798 1766 enim
1842 1709 1914 1766 ad
1950 1708 2048 1766 ho-

356 1795 639 1847 nestatem
675 1789 870 1846 omnia
910 1788 1232 1846 referantur
1265 1806 1451 1866 neque
1493 1788 1553 1845 in
1589 1807 1656 1846 ea
1689 1788 2044 1865 voluptatem

354 1869 552 1927 dicant
592 1869 792 1940 inesse,
828 1869 911 1926 ait
951 1888 1051 1927 eos
1092 1886 1233 1925 voce
1273 1868 1433 1925 inani
1482 1887 1682 1926 sonare
1726 1863 1788 1942 (h
1795 1869 1843 1925 is
1890 1868 2044 1927 enim

351 1949 495 2026 ipsis
530 1948 716 2007 v·e1bis
744 1945 950 2025 utitur)
981 1967 1169 2025 neque
1202 1947 1531 2025 intellegere
1565 1967 1670 2007 nec
1705 1949 1912 2021 videre,
1938 1949 2045 2008 sub

350 2029 499 2088 hanc
528 2048 727 2087 vocem
759 2029 1077 2086 honestatis
1102 2047 1248 2106 quae
1277 2028 1352 2086 sit
1381 2028 1635 2087 subicien
1665 2028 2041 2090 dasententia.

349 2108 440 2168 Ut
477 2110 632 2167 enim
674 2109 1027 2167 consvetudo
1065 2108 1339 2186 loquitur,
1369 2109 1431 2166 id
1469 2109 1653 2167 solum
1696 2109 1909 2168 dicitur
1945 2111 2047 2168 ho-

348 2197 596 2261 nestum,
623 2189 781 2267 qnod
813 2197 900 2247 est
938 2189 1204 2266 populari
1238 2190 1396 2246 fama
1432 2189 1765 2265 gloriosum.
1851 2190 2040 2261 Quod,
2079 2201 2085 2207 “

348 2270 557 2347 inquit,
584 2288 932 2347 quamquam
963 2268 1359 2344 voluptatibus
1387 2269 1726 2347 quibusdam
1760 2277 1847 2328 est
1876 2290 2044 2347 saepe

348 2350 672 2421 iucundiuS,
697 2357 891 2407 tamen
921 2351 1213 2425 expetitur
1240 2360 1478 2426 propter
1504 2350 1877 2428 voluptatem.
1946 2357 2039 2412 49.

349 2429 623 2500 Videsne,
655 2449 827 2507 quam
871 2430 947 2487 sit
996 2448 1208 2507 magna
1248 2429 1569 2490 dissensio?
1650 2429 2044 2507 Philosophus

347 2509 577 2581 nobilis,
602 2529 638 2566 a
665 2529 780 2587 quo
809 2529 923 2567 non
956 2510 1143 2568 solum
1173 2509 1413 2568 Graecia
1438 2517 1498 2568 et
1526 2509 1709 2581 Italia,
1735 2510 1834 2567 sed
1865 2511 2037 2568 etiam

349 2590 541 2647 omnis
575 2589 834 2647 barbaria
874 2597 1168 2647 commota
1208 2597 1311 2660 est,
1344 2586 1652 2647 honestum
1689 2590 1830 2666 quid
1869 2591 1961 2662 sit,
1994 2590 2044 2648 si

347 2669 410 2727 id
461 2689 579 2726 non
630 2669 705 2730 sit
755 2669 815 2727 in
861 2670 1176 2746 voluptate,
1215 2677 1388 2746 negat
1438 2689 1498 2727 se
1548 2669 1894 2745 intellegere,
1934 2670 2041 2728 nisi

347 2749 502 2807 forte
530 2749 689 2820 illud,
711 2749 866 2827 quod
898 2749 1287 2807 multitudinis
1316 2768 1544 2807 rumore
1571 2749 1849 2807 laudetur.
1913 2749 2041 2826 Ego

348 2838 542 2887 autem
568 2829 675 2887 hoc
698 2830 871 2887 etiam
895 2837 1063 2906 turpe
1086 2848 1208 2887 esse
1237 2847 1406 2906 saepe
1426 2828 1620 2886 iudico
1643 2837 1717 2898 et,
1739 2829 1786 2885 si
1810 2830 2042 2906 quando

347 2917 518 2987 turpe
545 2929 660 2966 non
692 2909 785 2981 sit,
809 2917 934 2967 tum
967 2928 1088 2967 esse
1115 2928 1232 2965 non
1262 2916 1449 2985 turpe,
1473 2927 1602 2966 cum
1634 2908 1695 2965 id
1724 2927 1757 2965 a
1785 2909 2043 2967 multitu-

348 2989 485 3047 dine
523 2988 804 3062 laudetur,
830 2989 985 3067 quod
1025 2989 1100 3047 sit
1138 2988 1330 3065 ipsum
1367 3007 1468 3064 per
1509 3006 1569 3045 se
1606 2996 2042 3065 rectumatque

347 3069 669 3142 laudabile;
713 3077 905 3128 tamen
936 3088 1053 3126 non
1084 3067 1161 3126 ob
1190 3087 1316 3126 eam
1347 3086 1573 3124 causam
1604 3067 1748 3125 illud
1775 3067 1890 3125 dici
1919 3087 2041 3126 esse

344 3149 675 3222 honestum,
707 3150 842 3227 quia
878 3149 1145 3207 laudetur
1176 3166 1211 3205 a
1245 3145 1457 3218 multis,
1489 3147 1589 3205 sed
1624 3147 1758 3222 quia
1796 3147 1908 3205 tale
1946 3147 2037 3215 sit,
