2259 3467
259 108 357 158 118
421 106 521 156 DE
560 106 851 157 FINIBUS
888 106 1239 157 BONORUM
1272 107 1367 155 ET
1399 106 1779 157 MALORUM.

257 227 329 266 ex
356 226 426 266 eo
452 226 660 284 genere
689 207 855 279 vitae,
880 207 1040 284 quod
1068 207 1281 264 virtute
1309 207 1538 279 fruitur,
1562 214 1622 265 et
1655 227 1725 266 ex
1757 207 1831 265 iis
1861 226 1948 267 re·

256 287 382 358 bus,
424 307 569 365 quae
610 294 746 345 sunt
793 287 1107 346 secundum
1156 293 1417 344 naturam
1471 306 1657 365 neque
1706 294 1841 346 sunt
1881 289 1941 346 in

257 373 454 425 nostra
493 374 796 444 potestate.
881 367 996 425 Sed
1037 367 1149 425 hoc
1192 387 1481 424 summum
1516 368 1753 439 bonum,
1786 368 1947 446 q'uod

256 448 426 505 tertia
458 446 877 522 significatione
917 445 1289 523 intellegitur,
1320 464 1502 524 eaque
1535 448 1668 518 vita,
1693 467 1839 525 quae
1873 468 1947 506 ex

258 530 485 585 summo
514 526 668 584 bono
691 526 937 603 degitur,
962 527 1096 604 quia
1123 527 1432 584 coniuncta
1464 527 1518 585 ei
1548 528 1727 585 virtus
1754 535 1858 599 est,
1881 527 1945 585 in

256 607 576 684 sapientem
611 606 797 663 solum
841 606 1011 677 cadit,
1042 607 1206 684 isque
1250 605 1381 663 finis
1426 606 1729 679 bonorum,
1759 615 1827 665 ut
1869 606 1945 666 ab

256 686 400 764 ipsis
449 685 661 744 Stoicis
702 686 976 763 scriptum
1015 686 1293 758 videmus,
1324 706 1358 743 a
1395 686 1723 745 Xenocrate
1770 695 1946 765 atque

257 766 330 824 ab
366 765 677 824 Aristotele
711 765 1061 829 constitutus
1093 772 1197 824 est.
1281 765 1487 844 Itaque
1520 766 1594 824 ab
1627 768 1699 825 iis
1733 768 1946 825 consti-

208 895 214 899 .
257 846 408 904 tutio
437 845 535 903 illa
561 846 750 923 prima
776 852 1028 916 naturae,
1052 865 1088 903 a
1120 865 1235 924 qua
1267 854 1332 904 tu
1366 866 1597 924 quoque
1625 847 1942 919 ordiebare,

258 925 349 983 his
375 945 556 1003 prope
585 925 771 984 verbis
799 926 1121 1002 exponitur.

337 1005 476 1065 VII.
566 1011 657 1063 16.
703 1005 910 1063 Omnis
963 1012 1171 1063 natura
1215 1005 1340 1063 vult
1386 1025 1508 1063 esse
1556 1006 1944 1064 conservatrix

254 1086 363 1157 sui,
384 1092 450 1143 ut
477 1092 536 1143 et
563 1086 716 1152 salva
744 1085 819 1141 sit
846 1091 905 1142 et
932 1084 993 1142 in
1022 1104 1230 1161 genere
1258 1092 1625 1144 conservetur
1652 1105 1771 1146 suo,
1818 1086 1946 1158 ‚Ad

255 1164 405 1223 hanc
437 1184 559 1223 rem
591 1165 755 1223 aiunt
789 1171 939 1223 artes
972 1184 1203 1243 quoque
1250 1165 1568 1242 requisitae,
1600 1184 1745 1242 quae
1779 1174 1947 1223 natu-

257 1264 377 1302 ram
421 1245 772 1314 adiuvarent,
803 1245 864 1301 in
898 1245 1106 1322 quibus
1143 1264 1211 1302 ea
1246 1252 1578 1303 numeretur
1617 1247 1680 1302 in
1720 1245 1942 1322 primiS,

258 1343 407 1401 quae
425 1331 512 1382 est
540 1324 770 1382 vivendi
791 1344 897 1402 ars,
916 1333 983 1382 ut
1003 1330 1249 1396 tueatur,
1270 1324 1427 1401 quod
1454 1344 1489 1381 a
1516 1331 1720 1382 natura
1738 1324 1945 1390 datum

257 1405 350 1476 sit,
375 1404 532 1483 quod
574 1404 740 1476 desit,
770 1404 1059 1482 acquirat3
1103 1404 1396 1482 iidemque
1428 1404 1745 1462 diviserunt
1781 1411 1947 1461 natu-

256 1504 379 1542 ram
414 1484 666 1542 hominis
698 1484 759 1541 in
793 1484 1051 1541 animum
1085 1491 1147 1542 et
1178 1502 1419 1561 corpus3
1463 1503 1709 1562 cumque
1740 1503 1945 1542 eorum

257 1572 566 1642 utrumque
594 1583 696 1642 per
723 1583 783 1621 se
810 1564 1198 1639 expetendum
1226 1582 1348 1621 esse
1381 1564 1677 1635 dixissent,
1702 1564 1945 1621 virtutes

260 1663 488 1723 quoque
511 1644 806 1722 utriusque
828 1662 1025 1701 eorum
1056 1663 1162 1718 per
1186 1663 1248 1701 se
1275 1643 1622 1719 expetendas
1650 1662 1771 1701 esse
1794 1644 1946 1701 dice-

258 1724 432 1796 bant3
467 1744 597 1792 cum
628 1725 885 1782 animum
914 1721 1142 1781 infinita
1170 1723 1415 1802 quadam
1439 1722 1607 1779 laude
1634 1729 1945 1799 antepone-

259 1812 387 1863 rent
427 1804 670 1881 corpori,
694 1804 934 1861 virtutes
972 1821 1206 1881 quoque
1247 1802 1426 1860 animi
1476 1802 1645 1860 bonis
1686 1802 1946 1880 corporis

258 1884 702 1962 anteponebant.
791 1882 883 1941 17.
928 1882 1043 1940 Sed
1083 1901 1216 1940 cum
1251 1882 1592 1959 sapientiam
1626 1882 1810 1939 totius
1842 1882 1945 1941 ho-

259 1964 434 2022 minis
467 1963 764 2021 custodem
798 1969 858 2021 et
902 1962 1345 2039 procuratricem
1391 1981 1512 2019 esse
1547 1961 1773 2034 vellent,
1798 1981 1945 2039 quae

259 2050 409 2102 esset
440 2051 677 2100 naturae
710 2062 903 2102 comes
935 2049 995 2099 et
1031 2042 1302 2113 adiutrix,
1326 2041 1437 2099 hoc
1470 2041 1783 2117 sapientiae
1822 2061 1946 2100 mu-

259 2142 369 2181 nus
390 2142 511 2181 esse
532 2122 817 2193 dicebant,
837 2129 918 2194 ut,
938 2140 1068 2178 cum
1090 2141 1221 2180 eum
1244 2127 1515 2190 tueretur,
1536 2122 1634 2198 qui
1655 2128 1945 2180 constaret

260 2223 331 2261 ex
359 2203 552 2260 animo
581 2208 640 2259 et
667 2221 922 2278 corpore,
946 2201 1005 2258 in
1035 2210 1281 2278 utroque
1309 2201 1529 2259 iuvaret
1557 2220 1688 2258 eum
1718 2220 1784 2259 ac
1809 2220 1945 2259 con-

260 2283 485 2358 tineret.
569 2282 766 2358 Atque
808 2281 891 2339 ita
932 2301 994 2339 re
1037 2280 1374 2359 simpliciter
1414 2279 1603 2357 primo
1647 2280 1941 2353 collocata,

261 2363 480 2441 reliqua
506 2361 770 2419 subtilius
796 2369 1218 2439 persequentes,
1238 2360 1494 2437 corporis
1526 2360 1682 2418 bona
1712 2360 1943 2419 facilem

262 2442 551 2520 quandam
577 2442 860 2499 rationem
894 2440 1102 2498 habere
1143 2440 1484 2511 censebant;
1528 2439 1600 2497 de
1632 2440 1813 2498 animi
1844 2440 1947 2497 bo-

261 2524 352 2580 nis
379 2522 696 2580 accuratius
723 2520 1113 2598 exquirebant,
1133 2520 1194 2577 in
1222 2520 1538 2597 primisque
1564 2520 1943 2597 reperiebant,

262 2622 387 2672 esse
404 2603 464 2660 in
488 2602 559 2659 iis
578 2601 830 2658 iustitiae
859 2600 1092 2671 semina,
1116 2599 1404 2677 primique
1425 2619 1495 2657 ex
1524 2599 1793 2657 omnibus
1819 2600 1946 2677 phi-

261 2681 519 2760 losophis
559 2687 764 2738 natura
802 2679 1085 2737 tributum
1129 2699 1252 2737 esse
1288 2679 1624 2751 docuerunt,
1654 2687 1723 2736 ut
1757 2679 1818 2751 ii,
1844 2680 1946 2757 qui

260 2762 544 2839 procreati
588 2767 792 2831 essent,
823 2778 859 2817 a
905 2758 1362 2836 procreatoribus
1402 2766 1744 2830 amarentur,
1775 2768 1852 2829 et,
1882 2759 1947 2817 id

260 2841 421 2917 quod
436 2847 762 2916 temporum
784 2838 986 2895 ordine
1004 2837 1297 2915 antiquius
1314 2845 1417 2909 est,
1432 2845 1496 2896 ut
1513 2839 1784 2914 coniugia
1800 2839 1948 2896 viro-

261 2937 392 2976 rum
425 2925 484 2975 et
514 2936 760 2975 uxorum
801 2923 1005 2974 natura
1037 2918 1345 2975 coniuncta
1381 2936 1503 2974 esse
1533 2917 1806 2987 dicerent,
1833 2919 1949 2995 qua

263 3014 334 3052 ex
375 2996 552 3073 stirpe
594 2996 878 3053 orirentur
919 2995 1206 3053 amicitiae
1247 2996 1675 3076 cognationum.
1746 2997 1948 3075 Atque

263 3072 338 3130 ab
364 3072 455 3129 his
482 3074 665 3130 initiis
693 3074 939 3150 profecti
969 3075 1229 3131 omnium
1259 3075 1535 3132 virtutum
1569 3082 1627 3133 et
1660 3076 1948 3152 originem

264 3157 325 3208 et
345 3152 799 3227 progressionem
823 3154 1104 3228 persecuti
1135 3160 1283 3211 sunt.
1351 3153 1439 3211 Ex
1463 3174 1579 3231 quo
1600 3156 1948 3233 magnitudo
