2259 3467
666 142 805 192 Lm.
834 142 952 204 IV„
981 141 1139 192 CAP.
1169 141 1587 193 xxm-xxm
1884 146 1981 194 137

291 263 363 301 cx
391 242 510 299 alto
544 262 832 319 emergere
862 243 1054 313 velint,
1080 244 1319 321 propius
1352 245 1478 303 fore
1512 265 1610 303 eos
1644 244 1877 324 quidem
1908 247 1981 305 ad

290 322 707 400 respirandum,
728 323 827 399 qui
860 323 931 380 ad
963 343 1248 380 summam
1283 343 1487 402 aquam
1525 326 1639 382 iam
1673 326 1980 404 appropin-

292 409 489 482 quent,
509 402 609 460 sed
631 402 814 459 nihilo
842 403 1028 479 magis
1058 404 1330 481 respirare
1352 424 1519 481 posse
1541 425 1714 482 quam
1743 425 1857 476 θοε,
1879 409 1975 484 qui

289 484 409 542 sint
436 484 497 541 in
524 482 855 560 profundo?
937 483 1097 541 Nihil
1121 484 1302 559 igitur
1326 484 1559 542 adiuvat
1586 484 1892 562 procedere
1921 494 1980 545 et

288 563 560 641 progredi
595 563 655 619 in
689 562 915 634 virtute,
948 583 1064 640 quo
1099 564 1290 621 minus
1325 565 1675 622 miserrimus
1708 566 1800 636 sit,
1823 574 1975 624 ante·

288 662 464 721 quam
493 643 566 701 ad
600 661 726 699 eam
759 644 1098 719 pervenerit,
1122 644 1395 720 quoniam
1430 644 1489 701 in
1524 664 1673 722 aqua
1704 644 1849 703 nihil
1883 646 1978 704 ad-

287 725 466 795 iuvat,
491 731 550 780 et
593 723 866 800 quoniam
917 722 1109 792 catuli,
1144 724 1244 800 qui
1290 724 1403 780 iam
1455 724 1767 801 dispecturi
1822 737 1973 796 sunt,

284 804 441 862 caeci
482 822 660 881 aeque
703 811 762 860 et
804 803 860 875 ii,
887 803 986 880 qui
1029 803 1207 860 modo
1241 804 1379 874 nati,
1407 802 1708 861 Platonem
1748 823 1975 882 quoque

284 902 515 942 necesse
560 890 662 955 est,
694 884 967 961 quoniam
1022 883 1283 941 nondum
1335 883 1567 941 videbat
1613 885 1973 963 sapientiam,

281 983 467 1041 aeque
495 983 726 1022 caecum
753 964 947 1021 animo
976 983 1041 1022 ac
1069 963 1360 1021 Phalarim
1391 964 1584 1022 fuisse.

366 1043 594 1102 XXIV.
673 1050 765 1104 65.
804 1043 924 1102 Ista
952 1043 1162 1101 similia
1182 1063 1299 1101 non
1323 1052 1472 1115 sunt,
1494 1044 1659 1116 Cato,
1681 1045 1741 1102 in
1765 1044 1974 1122 quibus

282 1125 548 1202 quamvis
582 1124 820 1182 multum
855 1125 1212 1200 processeris,
1244 1133 1436 1183 tamen
1483 1124 1624 1183 illud
1667 1126 1727 1182 in
1770 1125 1970 1183 eadem

281 1224 457 1262 causa
498 1212 600 1276 est,
631 1224 665 1261 a
710 1224 823 1283 quo
863 1204 1057 1262 abesse
1086 1205 1242 1276 veliS‚
1274 1204 1456 1264 donec
1505 1205 1763 1264 evaseris,
1805 1275 1810 1280 ,
1848 1205 1907 1263 N
1908 1227 1972 1264 ec

280 1285 439 1342 enim
477 1284 569 1342 ille
604 1286 859 1362 respirat,
883 1292 1189 1363 antequam
1221 1286 1467 1357 emersit,
1491 1292 1550 1344 et
1583 1285 1756 1344 catuli
1791 1305 1971 1364 aeque

280 1365 455 1435 caeci,
479 1366 809 1443 priusquam
841 1365 1228 1444 dispexerunt,
1253 1384 1318 1424 ac
1347 1366 1395 1423 si
1421 1367 1507 1424 ita
1532 1366 1715 1424 futuri
1747 1385 1972 1443 semper

280 1454 488 1503 essent.
573 1445 681 1503 Illa
716 1452 852 1503 sunt
884 1445 1125 1503 similia:
1172 1445 1367 1503 Hebes
1407 1447 1556 1504 acies
1595 1454 1683 1504 est
1717 1447 1967 1524 cuipiam

281 1525 601 1595 oculorum,
625 1545 862 1602 corpore
890 1526 1034 1583 alius
1067 1526 1343 1597 senescit3
1386 1525 1449 1582 hi
1482 1528 1776 1584 curatione
1809 1526 1970 1584 adhi-

278 1604 404 1663 bita
437 1605 696 1663 levantur
740 1606 798 1662 in
834 1605 989 1677 dies;
1033 1605 1186 1663 valet
1228 1605 1371 1663 alter
1396 1604 1526 1683 plus
1563 1606 1795 1676 cotidie,
1826 1606 1970 1664 alter

278 1685 472 1757 videt3
515 1686 605 1743 his
649 1686 863 1744 similes
904 1693 1040 1744 sunt
1071 1705 1289 1755 omnes,
1321 1686 1420 1763 qui
1453 1686 1652 1744 virtuti
1695 1685 1965 1759 student3

278 1765 541 1824 levantur
564 1766 732 1838 vitiis,
756 1765 1017 1824 levantur
1044 1766 1345 1824 erroribus,
1419 1764 1546 1824 Nisi
1576 1767 1729 1824 forte
1752 1785 1964 1839 censeS‚

275 1846 366 1904 Ti.
411 1845 732 1904 Gracchum
780 1853 1003 1924 patrem
1044 1866 1159 1903 non
1206 1846 1518 1904 beatiorem
1566 1847 1745 1904 fuisse
1791 1866 1964 1925 quam

275 1926 480 1996 filium,
512 1946 643 1985 cum
688 1925 830 1984 alter
873 1925 1127 1984 stabilire
1169 1946 1287 1984 rem
1328 1925 1617 2004 publicam
1661 1927 1963 1999 studuerit,

274 2007 422 2065 alter
466 2014 732 2065 evertere.
810 2006 932 2064 Nec
977 2014 1168 2064 tamen
1219 2006 1313 2065 ille
1361 2014 1483 2065 erat
1532 2007 1791 2085 sapiens3
1836 2007 1966 2085 quis

273 2088 432 2144 enim
484 2086 633 2145 hoc?
682 2094 782 2145 aut
830 2086 1102 2164 quando?
1155 2094 1256 2145 aut
1305 2087 1443 2146 ubi?
1481 2096 1582 2146 aut
1632 2087 1823 2147 unde?
1864 2087 1966 2147 sed

275 2168 415 2245 quia
449 2166 717 2225 studebat
750 2167 905 2225 laudi
951 2173 1010 2224 et
1047 2167 1336 2244 dignitati,
1369 2167 1617 2226 multum
1653 2168 1714 2226 in
1752 2169 1965 2227 virtute

274 2255 646 2323 processerat.
758 2252 852 2305 66.
899 2247 1210 2306 Conferam
1268 2241 1512 2326 [autem]
1569 2268 1740 2307 avum
1795 2256 1963 2307 tuum

272 2327 532 2385 Drusum
569 2334 699 2385 c'um
736 2328 800 2386 C.
832 2327 1109 2399 Gracch0‚
1140 2328 1264 2386 eius
1304 2328 1425 2386 fere
1467 2329 1727 2405 aequali?
1801 2328 1964 2399 Quae

273 2407 369 2466 hic
399 2407 482 2465 rei
514 2407 777 2485 publicae
807 2407 1038 2466 vulnera
1065 2407 1418 2485 imponebat,
1443 2407 1642 2466 eadem
1677 2407 1773 2466 ille
1806 2428 1964 2466 sana-

274 2487 390 2546 bat.
475 2487 541 2545 Si
585 2487 728 2545 nihil
774 2495 877 2561 est,
910 2488 1067 2566 quod
1111 2496 1234 2545 tam
1286 2487 1521 2545 miseros
1569 2488 1747 2545 faciat
1789 2506 1962 2566 quam

272 2568 544 2644 impietas
593 2574 653 2625 et
700 2568 898 2638 scelus,
934 2574 1000 2626 ut
1046 2567 1163 2625 iam
1212 2586 1413 2625 omncs
1460 2567 1798 2645 insipientes
1848 2566 1964 2625 sint

271 2647 486 2718 miseri,
512 2648 670 2725 quod
698 2649 961 2725 profecto
990 2654 1142 2719 sunt,
1165 2666 1283 2705 non
1313 2654 1400 2705 est
1427 2654 1623 2705 tamen
1651 2665 1830 2724 aeque
1859 2647 1965 2704 mi-

270 2747 380 2797 ser,
412 2728 515 2805 qui
556 2730 774 2805 patriae
816 2727 1079 2797 consulit,
1109 2735 1171 2785 et
1210 2729 1277 2798 is,
1310 2727 1407 2804 qui
1452 2727 1606 2785 illam
1647 2727 1963 2785 extinctam

270 2808 453 2885 cupit.
539 2807 775 2866 Levatio
806 2809 983 2885 igitur
1011 2808 1285 2866 vitiorum
1320 2826 1532 2882 magna
1562 2806 1630 2865 fit
1659 2807 1719 2864 in
1747 2806 1836 2880 iis,
1862 2807 1963 2884 qui

269 2887 493 2946 habent
532 2887 605 2945 ad
639 2890 912 2946 virtutem
947 2887 1363 2966 progressionis
1403 2888 1779 2966 aliquantum.
1865 2888 1959 2946 67.

271 2968 472 3027 Vestri
501 2975 693 3025 autem
723 2969 1183 3045 progressionem
1213 2968 1285 3025 ad
1316 2967 1586 3026 virtutem
1624 2967 1745 3025 fieri
1778 2966 1959 3038 aiunt,

269 3048 620 3107 levationem
658 3048 927 3105 vitiorum
963 3047 1086 3106 fieri
1119 3054 1350 3124 negant.
1434 3047 1537 3116 At,
1568 3065 1684 3124 quo
1725 3054 1964 3105 utantur

268 3128 541 3185 homines
562 3128 715 3184 acuti
745 3135 1084 3203 argumento
1106 3127 1182 3184 ad
1209 3126 1590 3205 probandum,
1612 3145 1818 3202 operae
1841 3145 1963 3203 pre·

265 3210 422 3267 tium
457 3213 546 3265 est
578 3207 951 3265 considerare.
1037 3206 1312 3280 Quarum,
1337 3206 1544 3285 inquit,
1567 3205 1779 3265 artium
1813 3223 1965 3264 sum·
