2259 3467
726 124 864 174 Lm.
894 124 982 186 V„
1013 123 1533 186 CAP.X11.‚X111.
1881 128 1973 175 161

286 225 651 305 praestantia.
736 226 954 284 Prioris
983 226 1209 303 generis
1236 233 1323 284 est
1351 226 1630 296 docilitaS,
1661 228 1974 300 memoria3

288 326 434 384 quae
477 307 598 364 fere
644 307 841 364 omnia
887 306 1249 384 appellantur
1292 326 1409 363 uno
1458 307 1675 384 ingenii
1722 309 1972 379 nomine,

286 406 495 465 easque
522 388 764 445 virtutes
797 386 896 465 qui
931 386 1161 457 habent,
1185 387 1469 464 ingeniosi
1499 394 1790 447 vocantur.
1875 388 1977 446 Al-

286 474 471 525 terum
508 475 700 525 autem
742 487 923 546 genus
965 475 1053 525 est
1095 486 1430 545 magnarum
1460 486 1835 546 verarumque
1869 470 1976 527 vir-

284 554 495 620 tutum,
518 567 658 626 quas
699 547 1052 625 appellamus
1087 547 1449 618 voluntariaS‚
1480 554 1547 605 ut
1588 549 1973 625 prudentiam,

283 629 743 706 temperantiam,
764 628 1191 700 fortitudinem,
1212 627 1488 685 iustitiam
1520 637 1580 685 et
1607 628 1853 706 reliquas
1879 649 1974 707 gc·

285 710 437 766 neris
464 709 735 768 eiusdem.

366 789 458 846 37.
504 789 580 846 Et
613 789 946 846 summatim
982 788 1215 865 quidem
1252 787 1392 846 haec
1434 795 1596 846 erant
1629 788 1701 847 de
1734 810 1973 869 corpore

279 869 590 946 animoque
613 870 870 940 dicenda,
893 868 1101 946 quibus
1123 868 1285 946 quasi
1306 868 1684 927 informatum
1707 877 1812 942 cst,
1832 872 1973 948 quid

281 949 535 1007 hominis
581 958 784 1008 natura
830 949 1116 1026 postulet;
1168 969 1238 1006 ex
1285 968 1400 1027 quo
1449 950 1812 1027 perspicuum
1865 958 1969 1022 est,
2033 987 2036 988 ν

282 1030 553 1108 quoniam
586 1031 695 1107 ipsi
724 1050 760 1087 a
788 1031 956 1088 uobis
987 1030 1314 1106 diligamur,
1340 1030 1649 1107 omniaque
1678 1037 1737 1088 et
1767 1031 1823 1088 in
1855 1032 1972 1089 ani·

278 1130 379 1167 mo
409 1118 467 1168 et
497 1111 555 1168 in
585 1130 823 1188 corpore
845 1110 1104 1187 perfecta
1125 1109 1367 1167 velimus
1394 1128 1532 1181 esse,
1556 1129 1625 1168 ea
1654 1110 1820 1169 nobis
1848 1111 1973 1188 ipsa

279 1210 408 1249 cara
436 1210 557 1249 esse
585 1200 822 1269 propter
849 1211 909 1248 se
943 1199 1002 1249 et
1033 1191 1094 1248 in
1124 1191 1197 1249 iis
1230 1209 1351 1248 esse
1384 1190 1460 1248 ad
1489 1189 1632 1249 bene
1660 1191 1969 1251 vivendum

278 1279 577 1330 momenta
601 1272 867 1330 maxima.
953 1271 1103 1329 Nam
1128 1271 1221 1329 cui
1249 1271 1548 1349 proposita
1575 1271 1651 1329 sit
1680 1291 1968 1331 conserva-

277 1352 365 1409 tio
395 1352 499 1423 sui,
519 1371 748 1411 necesse
776 1361 862 1411 est
889 1352 1024 1410 huic
1047 1359 1239 1430 partes
1268 1371 1497 1429 quoque
1527 1351 1614 1409 sui
1644 1371 1801 1410 caras
1828 1372 1967 1424 esse,

277 1433 652 1510 carioresque,
679 1452 794 1510 quo
822 1434 1195 1511 perfectiores
1216 1432 1332 1490 sint
1353 1438 1413 1489 et
1439 1432 1625 1508 magis
1654 1432 1712 1489 in
1744 1452 1848 1490 suo
1876 1452 1972 1509 ge-

277 1531 414 1571 nere
460 1512 788 1571 laudabiles.
873 1513 958 1570 Ea
1004 1513 1160 1571 enim
1206 1513 1323 1570 vita
1368 1513 1674 1588 expetitur,
1706 1531 1851 1590 quae
1896 1514 1971 1571 sit

276 1593 458 1651 animi
491 1593 858 1671 corporisque
891 1593 1119 1671 expleta
1151 1591 1477 1662 virtutibuS‚
1508 1592 1566 1649 in
1602 1611 1786 1670 eoque
1820 1611 1969 1651 sum-

275 1693 440 1731 mum
470 1672 686 1731 bonum
715 1674 857 1750 poni
885 1692 1113 1732 necesse
1136 1681 1238 1744 est,
1258 1671 1488 1750 quando
1508 1672 1742 1749 quidem
1772 1671 1835 1730 id
1855 1672 1968 1732 tale

276 1773 401 1811 esse
442 1753 631 1824 debet,
667 1762 734 1812 ut
777 1774 966 1812 rerum
1015 1753 1465 1830 expetendarum
1511 1753 1587 1810 sit
1627 1761 1963 1812 extremum.

276 1834 410 1903 Quo
438 1835 691 1909 cognito,
716 1834 968 1893 dubitari
995 1854 1113 1892 non
1143 1839 1353 1910 potest,
1379 1833 1536 1911 quin,
1567 1852 1699 1891 cum
1727 1832 1839 1910 ipsi
1869 1833 1968 1892 ho·

274 1915 464 1972 mines
491 1915 601 1972 sibi
631 1915 747 1973 sint
777 1934 878 1992 per
905 1934 965 1972 se
992 1920 1052 1972 et
1079 1934 1184 1971 sua
1212 1920 1418 1990 sponte
1446 1912 1579 1985 cari,
1610 1920 1802 1991 partes
1830 1933 1969 1992 quo·

277 2014 390 2072 que
419 2003 477 2053 et
510 1996 766 2073 corporis
799 2003 859 2053 et
891 1995 1070 2053 animi
1103 2002 1164 2052 et
1196 2012 1390 2053 earum
1425 2013 1632 2066 rerum,
1654 2014 1799 2072 quae
1832 2003 1968 2054 sunt

277 2076 338 2132 in
377 2075 670 2153 utriusque
703 2083 867 2133 motu
901 2083 962 2133 et
994 2082 1165 2145 statu,
1196 2095 1299 2133 sua
1337 2075 1572 2134 caritate
1614 2076 1876 2133 colantur
1908 2083 1967 2134 ct

276 2175 380 2232 per
407 2175 468 2213 se
497 2156 651 2232 ipsae
684 2162 1043 2234 appetantur.
1130 2161 1223 2214 38.
1262 2154 1485 2228 Quibus
1512 2156 1805 2233 expositi8‚
1829 2157 1967 2215 faci-

274 2236 347 2293 lis
380 2242 469 2294 est
501 2236 844 2308 coniectura,
875 2256 940 2294 ea
975 2236 1225 2294 maxime
1252 2256 1374 2294 esse
1407 2237 1730 2313 expetenda
1762 2256 1832 2295 ex
1866 2256 1967 2295 no-

275 2316 425 2386 stris,
458 2335 603 2394 quae
644 2316 957 2393 plurimum
998 2316 1213 2375 habent
1253 2317 1571 2394 dignitatis,
1604 2324 1669 2375 ut
1711 2317 1967 2394 optimae

274 2397 553 2473 cuiusque
585 2398 781 2473 partiS‚
808 2416 953 2474 quae
985 2416 1089 2473 per
1116 2416 1177 2455 se
1210 2403 1528 2473 expetatur,
1553 2397 1734 2454 virtus
1766 2397 1842 2454 sit
1874 2416 1966 2455 ex·

273 2476 527 2554 petenda
560 2478 823 2535 maxime.
908 2477 1000 2535 Ita
1032 2476 1149 2548 fiet,
1179 2484 1246 2535 ut
1283 2475 1462 2533 animi
1495 2476 1677 2534 virtus
1709 2477 1966 2554 corporis

273 2557 478 2614 virtuti
512 2565 909 2634 anteponatur,
945 2557 1239 2635 animique
1272 2556 1513 2617 virtutes
1554 2575 1671 2614 non
1705 2556 1966 2615 volunta-

273 2637 388 2695 rias
431 2637 663 2695 vineant
703 2638 944 2696 virtutes
985 2637 1354 2707 voluntariae,
1387 2655 1532 2715 quae
1574 2635 1809 2715 quidem
1840 2655 1966 2714 pro·

273 2717 400 2794 prie
428 2718 669 2775 virtutes
696 2717 1057 2795 appellantur
1084 2718 1448 2795 multumque
1475 2717 1777 2787 excellunt,
1795 2736 1966 2794 prop·

272 2804 432 2855 terea
481 2798 635 2875 quod
679 2817 750 2856 ex
792 2798 1013 2856 ratione
1054 2799 1389 2875 gignuntur,
1423 2816 1537 2875 qua
1583 2796 1729 2855 nihil
1773 2805 1862 2855 est
1902 2798 1963 2856 in

274 2877 513 2936 homine
554 2878 820 2936 divinius.
907 2877 1140 2936 Etenim
1182 2878 1443 2936 omnium
1488 2897 1693 2950 rerum,
1726 2897 1866 2956 quas
1906 2886 1967 2936 et

274 2965 431 3015 creat
480 2966 684 3016 natura
727 2965 787 3017 et
829 2965 1041 3028 tuetur,
1079 2977 1225 3036 quae
1268 2966 1369 3016 aut
1414 2959 1537 3015 sine
1586 2958 1782 3016 animo
1830 2966 1966 3017 sunt

273 3047 377 3095 aut
403 3057 517 3094 non
545 3038 733 3096 multo
761 3057 938 3108 schS,
963 3057 1157 3100 earum
1189 3057 1477 3095 summum
1511 3036 1727 3096 bonum
1757 3038 1816 3096 in
1846 3057 1967 3097 cor·-

273 3137 415 3194 pore
445 3124 532 3176 est
552 3135 567 3188 ;
611 3124 676 3176 ut
699 3137 815 3176 non
839 3118 1042 3176 inscite
1066 3117 1210 3176 illud
1231 3117 1452 3175 dictum
1474 3118 1736 3176 videatur
1756 3118 1816 3175 in
1846 3137 1963 3190 sue,

273 3196 535 3255 animum
587 3197 674 3261 illi
716 3197 923 3275 pecudi
965 3197 1165 3256 datum
1208 3215 1316 3274 pro
1358 3197 1490 3272 sale,
1520 3216 1593 3256 ne
1634 3198 1961 3275 putisceret.
