2259 3467
268 92 362 139 108
434 89 534 139 DE
566 89 860 140 FINIBUS
891 89 1248 141 BONORUM
1279 90 1373 140 ΕΤ
1406 90 1787 144 MALORUM.

266 191 596 268 iustumque
655 198 821 261 esset,
857 189 921 248 id
975 190 1149 248 etiam
1206 191 1533 263 honestum,
1571 194 1966 275 vicissimque,

266 270 551 349 quidquid
610 277 758 328 esset
818 270 1144 343 honestum,
1175 270 1238 328 id
1286 271 1503 330 iustum
1558 274 1732 331 etiam
1782 283 1970 355 atque

265 370 510 428 acquum
534 351 676 409 fore.
764 349 796 407 7
804 356 856 407 2.
896 350 994 408 Ad
1021 370 1229 429 easque
1252 351 1509 424 virtutes,
1534 352 1606 410 de
1636 354 1847 431 quibus
1876 357 1969 414 di-

267 439 562 508 sputatum
593 438 696 501 est,
722 430 1080 489 dialecticam
1115 431 1289 489 etiam
1319 432 1645 509 adiungunt
1672 440 1732 491 et
1763 435 1968 512 physi-

265 530 392 568 cam
433 530 641 588 easque
673 509 873 568 ambas
903 510 1182 569 virtutum
1220 512 1452 569 nomine
1485 512 1791 590 appellant,
1822 516 1967 574 alte-

267 610 406 660 ram,
431 590 588 668 quod
618 590 824 648 habeat
852 590 1153 662 rationem,
1181 610 1254 648 ne
1281 592 1376 649 cui
1402 590 1550 648 falso
1579 594 1967 653 assentiamur

265 688 408 728 neve
437 689 711 747 umquam
735 671 993 748 captiosa
1019 670 1426 749 probabilitate
1454 670 1735 744 fallamur,
1758 693 1961 752 eaque,

266 769 413 827 quae
445 750 518 809 de
552 750 725 808 bonis
752 759 812 808 et
843 749 1010 808 malis
1040 751 1429 822 didicerimus,
1453 758 1520 809 ut
1551 759 1745 810 tenere
1784 755 1966 812 tueri-

267 849 379 907 que
414 830 733 908 possimus3
776 849 907 887 nam
945 830 1068 889 sine
1100 830 1209 888 hac
1241 838 1363 888 arte
1396 831 1657 908 quemvis
1684 831 1964 891 arbitran-

265 918 362 985 tur
401 930 436 968 a
478 930 610 969 vero
651 910 861 968 abduci
901 910 1139 988 fallique
1186 929 1370 987 posse.
1453 910 1632 969 Recte
1680 911 1875 987 igitur,
1908 915 1962 971 si

267 991 537 1049 omnibus
564 992 624 1048 in
658 989 828 1048 rebus
859 991 1152 1048 temeritas
1180 991 1582 1068 ignoratioque
1609 991 1818 1050 vitiosa
1849 1002 1957 1066 est,

266 1090 357 1128 ars
383 1090 467 1140 ea,
492 1090 636 1148 quae
664 1070 818 1128 tollit
846 1070 1001 1141 haec,
1023 1071 1203 1128 virtus
1232 1071 1528 1128 nominata
1554 1078 1656 1130 est.
1765 1143 1768 1147 Α

346 1150 546 1209 XXII.
634 1150 666 1208 7
674 1157 725 1208 3.
772 1149 1056 1228 Physicae
1090 1169 1320 1228 quoque
1355 1170 1469 1208 non
1501 1151 1624 1209 sine
1656 1171 1826 1210 causa
1858 1153 1962 1210 tri-

267 1229 442 1287 butus
483 1230 639 1288 idem
686 1238 774 1289 est
815 1230 1020 1302 honoS‚
1056 1239 1360 1308 propterea
1401 1230 1575 1307 quod,
1613 1232 1713 1308 qui
1735 1251 1961 1291 conve-

266 1311 490 1388 nienter
517 1318 753 1369 naturae
782 1311 1035 1369 victurus
1063 1311 1154 1382 sit,
1179 1310 1233 1368 ei
1260 1310 1736 1387 proficiscendum
1767 1319 1855 1370 est
1882 1313 1959 1371 ab

266 1391 425 1448 omni
455 1391 675 1448 mundo
703 1399 876 1469 atque
903 1389 975 1463 ab
1009 1390 1132 1448 eius
1165 1391 1586 1467 procuratione.
1668 1391 1790 1449 Nec
1819 1412 1958 1451 vero

263 1478 460 1548 potest
488 1471 788 1548 quisquam
819 1471 892 1529 de
919 1469 1088 1527 bonis
1114 1478 1175 1528 et
1201 1470 1367 1527 malis
1395 1490 1524 1528 vere
1552 1470 1821 1542 iudicare,
1841 1473 1958 1530 nisi

265 1552 426 1609 omni
456 1553 692 1628 cognita
717 1551 939 1609 rationo
967 1559 1203 1608 naturae
1231 1558 1290 1608 et
1313 1550 1463 1608 vitae
1491 1551 1668 1608 etiam
1694 1551 1952 1623 deorum,

265 1638 325 1689 et
359 1639 551 1689 utrum
595 1631 898 1689 conveniat
930 1649 1109 1688 necne
1143 1638 1347 1689 natura
1378 1629 1633 1689 hominis
1664 1650 1795 1689 cum
1831 1633 1959 1689 uni-

267 1731 440 1770 versa.
525 1711 798 1790 Quaeque
839 1717 974 1768 sunt
1008 1718 1200 1768 vetera
1240 1719 1543 1788 praecepta
1583 1711 1950 1788 sapientium,

265 1793 366 1869 qui
407 1791 609 1850 iubent
652 1791 888 1865 tempori
918 1809 1124 1865 parere
1164 1798 1225 1848 et
1264 1790 1423 1863 sequi
1463 1790 1633 1847 deum
1674 1799 1733 1849 et
1764 1811 1821 1849 se
1858 1812 1958 1849 no-

263 1890 423 1944 scere,
453 1880 513 1930 et
553 1872 705 1929 nihil
745 1870 936 1942 nimis,
967 1869 1106 1927 haec
1149 1870 1272 1928 sine
1319 1870 1577 1947 physicis
1618 1890 1792 1948 quam
1833 1873 1951 1934 vim

263 1950 513 2009 habeant
548 1948 634 2026 (et
673 1951 890 2009 habent
929 1948 1267 2027 maximam)
1304 1950 1495 2012 videre
1536 1970 1708 2008 nemo
1742 1958 1952 2029 potest.

262 2031 461 2108 Atque
489 2032 663 2089 etiam
693 2031 766 2089 ad
796 2030 1071 2089 iustitiam
1103 2029 1423 2102 colendam,
1443 2030 1515 2087 ad
1543 2031 1787 2089 tuendas
1814 2032 1956 2089 ami·

247 2111 428 2168 -citias
469 2118 528 2169 ct
569 2112 813 2187 reliquas
855 2111 1119 2169 caritates
1162 2110 1302 2189 quid
1343 2117 1548 2168 natura
1582 2109 1778 2182 valeat,
1814 2109 1954 2169 haec

263 2210 380 2248 una
405 2192 663 2267 cognitio
693 2198 885 2269 potest
913 2190 1152 2249 tradere.
1238 2190 1361 2248 Nec
1384 2209 1516 2247 vero
1546 2191 1731 2268 pietas
1757 2190 1953 2248 adver-

263 2290 360 2327 sus
387 2270 542 2342 dem,
567 2291 672 2329 nec
696 2279 910 2349 quanta
937 2271 1008 2328 iis
1034 2271 1221 2348 gratia
1242 2270 1533 2341 debeatur,
1557 2270 1681 2328 sine
1709 2270 1955 2347 explica-

262 2350 422 2409 tione
456 2358 690 2409 naturae
730 2351 988 2429 intellegi
1022 2359 1232 2427 potest.
1321 2351 1412 2408 74.
1459 2350 1575 2408 Sed
1608 2351 1722 2407 iam
1765 2350 1953 2408 sentio

261 2450 356 2488 me
403 2451 526 2490 esse
573 2431 802 2506 longius
849 2438 1205 2509 provectum,
1237 2450 1409 2508 quam
1460 2430 1756 2507 proposita
1802 2430 1951 2487 ratio

261 2512 593 2588 postularet.
678 2511 898 2570 Verum
939 2511 1294 2569 admirabilis
1326 2510 1673 2587 compositio
1702 2509 1954 2586 discipli-

260 2610 368 2650 nae
408 2591 873 2669 incredibilisque
927 2610 1022 2649 me
1068 2611 1256 2650 rerum
1299 2591 1478 2649 traxit
1524 2589 1702 2660 ordo;
1758 2608 1947 2667 quem,

261 2690 364 2747 per
390 2671 551 2731 'deos
598 2670 967 2741 immortaleS‚
1004 2690 1197 2730 nonne
1245 2670 1509 2729 miraris?
1581 2669 1745 2738 Quid
1793 2669 1949 2727 enim

260 2760 362 2810 aut
395 2753 455 2809 in
489 2761 709 2823 natura,
734 2771 848 2829 qua
881 2750 1021 2808 nihil
1059 2759 1147 2809 est
1179 2752 1387 2828 aptim,
1412 2750 1556 2808 nihil
1584 2748 1947 2827 descriptius,

259 2838 361 2888 aut
394 2832 453 2888 in
489 2830 759 2909 operibus
790 2850 966 2887 manu
1000 2831 1172 2888 factis
1212 2839 1332 2888 tam
1374 2830 1765 2906 compositum
1805 2835 1950 2886 tam-

261 2927 373 2983 que
414 2918 780 2986 compactum
821 2917 882 2966 et
921 2916 1388 2985 coagmentatum
1435 2910 1678 2967 inveniri
1718 2910 1952 2986 potest?

254 2987 404 3060 quid
444 2989 729 3062 posterius
769 2988 946 3065 priori
987 3007 1106 3045 non
1148 2989 1453 3046 convenit?
1495 2989 1638 3066 quid
1671 2988 1946 3067 sequitur,

261 3063 419 3137 quod
451 3083 568 3121 non
601 3067 946 3143 respondeat
987 3068 1306 3142 superiori?
1348 3067 1489 3145 quid
1522 3087 1642 3125 non
1675 3069 1757 3127 sic
1790 3068 1951 3126 aliud

261 3160 329 3198 ex
360 3141 472 3197 alio
500 3144 763 3210 nectitur,
789 3154 870 3213 ut,
895 3146 940 3201 si
973 3144 1143 3202 ullam
1183 3146 1431 3204 litteram
1461 3148 1727 3216 moveris
1750 3148 1950 3205 labent
