2259 3467
742 102 1545 165 LIB.111.,CAP.V111.,1X.
1927 107 1995 154 93

301 224 649 284 quamquam
694 205 901 262 vitiose
944 204 1182 281 quidam
1224 204 1405 262 secuti
1453 210 1605 275 sunt,
1636 210 1829 262 tamen
1871 223 1992 262 non

300 287 529 344 modo
514 286 586 343 lis
618 284 820 356 tribuS,
847 285 947 362 qui
979 284 1254 341 virtutem
1289 303 1324 341 a
1357 303 1586 341 summo
1619 283 1776 342 bono
1811 293 1994 360 segre-

299 371 597 444 gaverunt,
628 384 760 423 cum
795 371 896 422 aut
930 362 1313 456 voluptatem
1323 371 1423 421 aut
1458 364 1800 422 vacuitatem
1834 363 1995 421 dolo-

302 448 379 504 ris
408 452 508 503 aut
536 445 724 522 prima
749 452 986 502 naturae
1014 444 1072 502 in
1105 443 1348 500 summis
1374 443 1544 501 bonis
1571 451 1869 521 ponerent,
1893 443 1995 501 sed

300 527 478 584 etiam
526 524 720 582 alteris
768 521 969 616 tribus,
1008 523 1107 601 qui
1157 542 1420 581 mancam
1471 523 1597 581 fore
1646 530 1996 601 putaverunt

301 607 425 663 sine
447 605 638 683 aliqua
657 602 980 662 accessione
1002 604 1274 661 virtutem
1306 602 1381 660 ob
1404 622 1645 681 eamque
1672 622 1793 661 rem
1817 603 1994 661 trium

301 704 496 755 earum
533 704 741 755 rerum,
767 703 909 761 quas
942 703 1113 760 supra
1146 683 1285 754 dixi,
1311 683 1523 760 singuli
1557 683 1810 760 singulas
1837 683 1997 741 addi-

301 766 529 836 derunt,
550 764 641 821 his
662 772 858 822 tamen
888 763 1159 821 omnibus
1187 782 1286 820 eos
1314 771 1623 841 antepon0‚
1645 763 1995 821 cuicuimodi

301 853 456 915 sunt,
482 845 582 922 qui
610 862 903 901 summum
932 841 1152 901 bonum
1182 843 1240 900 in
1272 843 1466 901 animo
1497 849 1670 920 atque
1698 843 1756 900 in
1783 843 1993 901 virtute

302 930 636 1002 posuerunt.
723 929 819 980 31.
855 922 971 981 Sed
1021 929 1158 983 sunt
1198 929 1390 980 tamen
1442 922 1777 1000 perabsurdi
1825 930 1885 981 et
1931 922 1993 994 ii,

303 1005 405 1083 qui
445 1023 579 1062 cum
623 1003 864 1061 seientia
905 1003 1091 1061 vivere
1144 1002 1412 1060 ultimum
1460 1002 1761 1073 bonorum,
1793 1009 1853 1060 et
1894 1003 1995 1080 qui

303 1085 520 1143 nullam
563 1103 753 1143 rerum
788 1083 1174 1140 differentiam
1219 1102 1341 1140 esse
1383 1083 1667 1153 dixerunt,
1698 1091 1873 1161 atque
1913 1084 1996 1140 ita

302 1166 622 1242 sapientem
645 1164 876 1222 beatum
900 1163 1043 1235 fore,
1065 1162 1211 1221 nihil
1239 1162 1395 1222 aliud
1423 1162 1521 1221 alii
1549 1173 1846 1221 momento
1878 1163 1993 1221 ullo

302 1251 772 1323 anteponentem,
801 1251 856 1300 et
889 1243 1008 1317 qui,
1045 1250 1109 1302 ut
1144 1244 1379 1321 quidam
1414 1242 1751 1302 Academici
1785 1244 1995 1301 consti·

302 1325 483 1383 tuisse
503 1324 791 1395 dicuntur,
814 1331 1131 1381 extremum
1158 1324 1443 1382 bonorum
1473 1331 1532 1382 et
1553 1343 1841 1381 summum
1875 1342 1996 1381 mu-

303 1424 413 1463 nus
453 1424 605 1462 essse
646 1403 921 1480 sapientis
963 1403 1241 1462 obsistere
1275 1404 1411 1461 visis
1452 1423 1827 1482 assensusque
1860 1423 1995 1461 suos

302 1485 466 1543 firme
495 1484 790 1542 sustinere.
876 1482 988 1540 His
1016 1484 1260 1560 singulis
1287 1484 1520 1561 copiose
1549 1484 1880 1561 responderi
1908 1504 1997 1542 so-

304 1565 401 1636 let,
427 1564 528 1622 sed
562 1583 707 1642 quae
734 1563 1036 1641 perspicua
1067 1572 1220 1636 sunt,
1245 1564 1420 1657 longa
1452 1583 1573 1622 esse
1608 1583 1722 1621 non
1759 1564 1989 1622 debent.

303 1609 458 1714 Quid
495 1651 688 1702 autem
731 1643 985 1721 apertius
1018 1663 1211 1722 quam,
1243 1638 1292 1701 si
1332 1644 1565 1702 selectio
1606 1644 1765 1702 nulla
1805 1643 1881 1701 sit
1920 1644 1994 1701 ab

303 1726 377 1782 iis
426 1723 613 1796 rebus,
644 1743 790 1801 quae
831 1732 1033 1782 eontra
1071 1732 1337 1782 naturam
1379 1724 1511 1793 sint,
1547 1743 1743 1782 earum
1784 1743 1992 1796 rerum,

305 1824 452 1883 quae
501 1804 619 1862 sint
654 1803 974 1862 secundum
1023 1811 1306 1875 naturam,
1338 1804 1366 1879 †
1395 1803 1631 1861 tollatur
1678 1804 1868 1862 omnis
1907 1823 1992 1877 ea,

289 1904 452 1963 quae
508 1891 812 1977 quaeratur
866 1882 1259 1962 laudeturque,
1303 1884 1647 1961 prudentia&³
1740 1883 1996 1942 Circum·

306 1965 536 2042 scriptis
562 1965 743 2042 igitur
771 1963 841 2021 iis
869 1965 1185 2036 sententiiS,
1207 1984 1349 2041 quas
1370 1966 1555 2042 posui,
1580 1964 1682 2024 et
1667 1963 1753 2037 1is,
1778 1964 1827 2021 si
1850 1984 1995 2043 quae

305 2045 522 2103 similes
555 2063 747 2102 earum
784 2051 935 2115 sunt,
967 2044 1325 2122 relinquitur,
1350 2051 1416 2102 ut
1449 2065 1739 2102 summum
1775 2045 1994 2103 bonum

307 2126 383 2183 sit
416 2125 608 2182 vivere
641 2124 939 2182 scientiam
974 2124 1346 2182 adhibentem
1381 2145 1575 2183 earum
1611 2145 1817 2197 rerum,
1850 2146 1995 2204 quae

307 2212 514 2263 natura
561 2204 843 2275 eveniant,
879 2205 1236 2283 seligentem,
1276 2224 1421 2283 quae
1469 2206 1782 2264 secundum
1834 2215 1996 2264 natu-

307 2304 448 2356 ram,
473 2292 548 2355 et,
573 2304 718 2362 quae
746 2292 947 2342 contra
975 2293 1238 2343 naturam
1267 2286 1400 2356 sint,
1425 2286 1771 2358 reicientem,
1798 2286 1858 2344 id
1888 2294 1992 2355 est,

295 2365 715 2423 'convenienter
736 2375 1229 2442 congruenterque
1252 2373 1489 2424 naturae
1512 2367 1714 2425 vivere.
1761 2372 1854 2424 32.
1880 2366 1997 2424 Sed

306 2445 369 2502 in
411 2445 618 2503 ceteris
658 2443 876 2502 artibus
915 2464 1049 2503 cum
1093 2446 1309 2504 dicitur
1346 2446 1667 2521 artfflct‘ose,
1700 2453 1993 2523 posterum

309 2525 564 2603 quodam
586 2524 764 2582 modo
793 2532 852 2583 et
873 2545 1229 2604 consequens
1250 2525 1572 2602 putandum
1602 2532 1705 2598 est,
1733 2527 1890 2604 quod
1912 2526 1994 2584 illi

308 2605 806 2681 ἐπιγεννηματικόν
839 2605 1164 2683 appellant3
1208 2625 1338 2664 cum
1375 2614 1565 2663 autem
1602 2606 1661 2663 in
1699 2625 1814 2683 quo
1847 2607 1997 2679 sapi-

308 2695 462 2743 enter
490 2685 753 2756 dicimus,
778 2684 839 2743 id
872 2706 907 2744 a
942 2687 1131 2763 primo
1165 2686 1480 2744 rectissime
1508 2686 1734 2744 dicitur.
1820 2683 1997 2754 Quid-

311 2765 453 2844 quid
481 2766 634 2822 enim
666 2784 700 2823 a
728 2766 984 2843 sapiente
1013 2765 1409 2845 proficiscitur,
1433 2766 1496 2823 id
1524 2766 1803 2824 continuo
1825 2765 1997 2824 debet

310 2845 603 2922 expletum
647 2865 768 2904 esse
810 2846 1078 2904 omnibus
1119 2846 1238 2903 suis
1277 2845 1571 2922 partibus;
1614 2846 1675 2905 in
1724 2864 1794 2904 eo
1842 2848 1996 2904 enim

309 2926 566 3006 positum
628 2933 715 2984 est
769 2925 848 2997 id,
901 2927 1055 3003 quod
1114 2927 1361 2984 dicimus
1416 2946 1537 2983 esse
1591 2926 1994 3003 expetendum.

290 3001 466 3063 ‘Nam
495 3013 563 3063 ut
589 3012 886 3082 peccatum
919 3014 1006 3064 est
1032 3006 1277 3083 patriam
1307 3005 1564 3082 prodere,
1590 3013 1854 3099 parentes
1882 3006 2000 3064 vio-

311 3085 444 3157 lare,
468 3086 608 3143 fana
635 3086 975 3164 depeculari,
998 3105 1143 3163 quae
1170 3092 1305 3142 sunt
1331 3086 1389 3142 in
1422 3085 1646 3157 effectu,
1668 3085 1748 3144 sic
1779 3085 1995 3158 timere,

313 3166 396 3224 sic
433 3184 701 3234 maerere,
733 3166 813 3223 sic
848 3166 905 3223 in
941 3165 1180 3223 libidine
1214 3184 1335 3222 esse
1369 3171 1665 3241 peccatum
1702 3173 1789 3224 est
1822 3166 1996 3224 etiam

478 3252 512 3302 8

2043 3321 2259 3399 *A
