2259 3467
225 115 292 163 90
389 112 488 161 DE
520 110 812 162 FINIBUS
845 111 1201 163 BONORUM
1232 114 1326 163 ΕΤ
1359 113 1739 166 MALORUM.

226 213 375 290 inest
405 213 467 272 in
499 212 702 291 primis
733 219 969 271 naturae
1010 213 1511 273 conciliationibus
1550 215 1792 276 honesta
1822 237 1913 277 ac·

224 294 344 363 tio;
401 311 754 371 consequens
802 302 890 350 est
937 294 1090 352 enim
1143 300 1202 351 et
1249 301 1383 372 post
1432 296 1629 368 oritur,
1660 304 1726 355 ut
1768 296 1907 357 dixi.

224 373 330 431 Est
362 381 554 431 tamen
598 392 665 430 ea
705 373 1019 431 secundum
1062 380 1323 431 naturam
1365 374 1664 453 multoque
1697 396 1803 434 nos
1836 377 1912 437 ad

225 473 285 511 se
317 453 694 531 expetendam
729 453 915 530 magis
957 453 1219 510 hortatur
1252 473 1422 531 quam
1467 455 1760 531 superiora
1791 476 1912 514 om-

226 534 335 591 nia.
421 532 536 591 Sed
584 552 655 590 ex
702 532 812 590 hoc
862 533 1111 610 primum
1163 552 1318 615 error
1364 533 1654 592 tollendus
1703 542 1806 608 est,
1837 534 1952 596 ne'

226 614 354 690 quis
395 612 556 690 sequi
606 611 911 683 existimet,
935 619 1001 669 ut
1041 613 1160 671 duo
1210 612 1327 671 sint
1360 613 1565 671 ultima
1603 613 1907 675 bonorum.

224 692 313 752 Ut
356 693 511 750 enim
557 696 604 754 si
653 692 746 750 cui
789 692 1155 769 propositum
1210 692 1286 750 sit
1333 693 1634 751 collineare
1682 693 1908 753 hastam

223 772 417 850 aliquo
450 781 551 830 aut
584 773 872 848 sagittam,
899 772 979 829 sic
1021 791 1129 830 nos
1163 771 1436 830 ultimum
1471 773 1530 830 in
1570 773 1737 831 bonis
1772 775 1911 833 dici·

223 871 353 910 mus
383 846 491 926 [sic
521 852 621 927 illi,
645 853 833 910 facere
864 852 1074 923 omnia,
1101 870 1246 929 quae
1275 852 1474 929 possit,
1502 859 1568 910 ut
1596 852 1908 933 collineet].

227 932 400 1000 Huic,
425 932 484 989 in
516 932 801 993 eiusmodi
831 931 1229 1003 similitudine,
1254 932 1452 989 omnia
1479 932 1596 990 sint
1623 934 1907 1006 facienda,

222 1019 291 1069 ut
318 1011 600 1086 collineet‚
626 1019 686 1072 et
719 1019 929 1081 tamen,
956 1018 1022 1069 ut
1055 1012 1250 1068 omnia
1283 1011 1475 1083 faciat,
1504 1030 1619 1089 quo
1654 1015 1912 1093 proposi-

222 1101 347 1150 tum
395 1101 742 1170 assequatur,
775 1091 850 1150 sit
904 1090 1015 1148 hoc
1062 1092 1221 1168 quasi
1270 1090 1556 1164 ultimum,
1594 1092 1912 1169 qualenos

222 1186 510 1229 summum
542 1174 601 1230 in
633 1172 752 1230 vita
782 1171 1001 1228 bonum
1037 1170 1300 1243 dicimus,
1325 1170 1468 1230 illud
1503 1180 1715 1245 autem,
1736 1180 1802 1231 ut
1828 1175 1911 1233 fe-

220 1251 347 1320 riat,
369 1252 531 1329 quasi
558 1250 931 1328 seligendum,
958 1270 1072 1308 non
1102 1251 1506 1329 expetendum.

301 1329 438 1390 VII.
517 1339 611 1391 23.
658 1332 807 1390 Cum
847 1338 1037 1388 autem
1083 1331 1280 1389 omnia
1321 1330 1509 1389 officia
1545 1350 1579 1390 a
1611 1332 1910 1410 principiis

220 1417 457 1484 naturae
506 1411 954 1489 proficiscantur,
995 1411 1067 1468 ab
1116 1411 1323 1471 iisdem
1379 1431 1607 1470 necesse
1652 1419 1739 1470 est
1781 1432 1911 1491 pro-

219 1489 396 1549 ficisci
425 1491 608 1569 ipsam
637 1491 994 1569 sapientiam.
1079 1490 1195 1549 Sed
1225 1491 1713 1568 quemadmodum
1742 1511 1910 1570 saepe

219 1570 302 1642 fit,
339 1578 405 1629 ut
451 1571 517 1643 is,
564 1573 663 1650 qui
712 1570 1149 1629 commendatus
1197 1571 1273 1629 sit
1319 1571 1508 1641 alicui,
1548 1571 1728 1650 pluris
1775 1591 1909 1631 eum

220 1651 412 1723 faciat,
443 1651 537 1710 cui
578 1650 1030 1721 commendatus,
1062 1669 1235 1728 quam
1270 1651 1451 1722 illum,
1482 1671 1516 1709 a
1550 1670 1665 1729 quo
1700 1652 1792 1724 sit,
1823 1652 1907 1710 sic

220 1731 459 1789 minime
498 1732 711 1790 mirum
754 1738 857 1802 est,
892 1730 1082 1807 primo
1123 1749 1232 1788 nos
1266 1731 1579 1809 sapientiae
1621 1751 1909 1790 commen-

219 1809 344 1868 dari
371 1812 443 1869 ab
472 1811 655 1869 initiis
683 1818 934 1881 naturae,
950 1816 1094 1887 ,post
1127 1818 1319 1868 autem
1349 1812 1535 1888 ipsam
1566 1811 1906 1889 sapientiam

218 1890 388 1948 nobis
416 1891 687 1949 cariorem
720 1890 858 1962 fieri,
881 1909 1052 1967 quam
1075 1889 1175 1947 illa
1202 1889 1334 1962 sint,
1359 1909 1394 1947 a
1422 1889 1630 1967 quibus
1658 1891 1731 1948 ad
1759 1891 1908 1958 hanc

219 1971 557 2029 venerimus,
648 1971 846 2044 Atque
879 1977 945 2028 ut
979 1969 1237 2027 membra
1271 1970 1438 2027 nobis
1471 1970 1554 2028 ita
1585 1970 1721 2028 data
1753 1978 1905 2043 sunt,

217 2056 285 2107 ut
312 2050 386 2108 ad
409 2050 692 2127 quandam
717 2050 997 2107 rationem
1021 2049 1252 2107 vivendi
1280 2049 1415 2107 data
1435 2069 1556 2108 esse
1577 2059 1905 2127 appareant,

219 2129 300 2187 sic
322 2129 604 2205 appetitio
626 2129 820 2200 animi,
842 2148 987 2206 quae
1013 2130 1152 2206 ὁρμὴ
1175 2129 1389 2187 Graece
1410 2137 1663 2202 vocatur,
1686 2149 1803 2188 non
1831 2131 1906 2189 ad

221 2208 467 2286 quodvis
513 2228 696 2284 genus
738 2209 904 2280 vitae,
936 2209 1035 2267 sed
1078 2209 1153 2267 ad
1196 2209 1480 2287 quandam
1525 2210 1775 2267 formam
1829 2210 1908 2268 vi-

218 2288 391 2345 vendi
413 2287 639 2346 videtur
666 2288 817 2358 data,
842 2289 1096 2366 itemque
1124 2295 1184 2346 et
1207 2289 1352 2346 ratio
1382 2296 1441 2346 et
1462 2290 1718 2367 perfecta
1739 2290 1903 2349 ratio,

220 2372 315 2426 24.
351 2367 440 2427 Ut
468 2369 620 2425 enim
644 2368 913 2426 histrioni
940 2369 1107 2439 acti0,
1133 2368 1390 2426 saltatori
1411 2376 1606 2427 motus
1632 2388 1753 2427 non
1786 2369 1908 2447 qui-

218 2447 322 2518 vis,
347 2448 447 2506 sed
480 2455 668 2506 certus
702 2448 935 2525 quidam
971 2456 1059 2506 est
1092 2448 1280 2518 datuS,
1305 2448 1385 2506 sic
1415 2448 1532 2506 vita
1566 2449 1788 2526 agenda
1819 2456 1909 2507 est

219 2534 376 2585 certo
423 2546 631 2604 genere
687 2528 955 2605 quodam,
997 2546 1113 2585 non
1164 2527 1456 2604 quolibet3
1515 2528 1671 2606 quod
1726 2547 1907 2606 genus

218 2608 562 2666 conveniens
616 2615 1177 2685 consentaneumque
1226 2607 1486 2666 dicimus.
1571 2606 1696 2665 Nec
1750 2608 1905 2667 enim

214 2686 621 2761 gubernationi
649 2694 750 2746 aut
777 2687 1093 2745 medicinae
1128 2687 1372 2745 similem
1408 2686 1750 2765 sapientiam
1785 2706 1907 2746 esse

219 2765 576 2839 arbitramur,
607 2766 708 2825 sed
742 2765 954 2824 actioni
988 2766 1071 2824 illi
1105 2767 1317 2844 potius,
1344 2786 1515 2844 quam
1552 2767 1732 2824 modo
1765 2766 1904 2842 dixi,

220 2852 279 2902 et
306 2845 613 2915 saltationi,
639 2853 705 2903 ut
732 2846 791 2903 in
820 2846 947 2921 ipsa
974 2846 1127 2917 insit,
1154 2865 1270 2903 non
1299 2848 1445 2904 foris
1472 2853 1704 2923 petatur
1730 2853 1908 2913 extre7

220 2941 398 2992 mum,
421 2924 484 2982 id
512 2932 613 2993 est,
638 2925 776 2982 artis
804 2925 1049 2983 effectiO.
1132 2924 1212 2983 Et
1241 2932 1434 2983 tamen
1469 2932 1557 2984 est
1589 2926 1762 2984 etiam
1798 2925 1908 2984 alia

108 3004 117 3012 '
220 3019 350 3058 cum
375 3002 463 3058 his
484 3003 625 3079 ipsis
646 3003 862 3060 artibus
890 3003 1203 3080 sapientiae
1231 3004 1660 3077 dissimilitudo,
1679 3012 1907 3085 propte-

220 3097 315 3135 rea
348 3079 505 3156 quod
546 3081 604 3137 in
644 3073 775 3153 illis,
808 3101 953 3158 quae
993 3090 1146 3141 recte
1186 3083 1341 3141 facta
1381 3090 1531 3156 sunt,
1567 3103 1686 3141 non
1728 3084 1908 3146 conti·

219 3163 359 3214 nent
399 3165 591 3215 tamen
635 3178 834 3216 omnes
867 3167 1072 3236 partes,
1102 3181 1135 3219 e
1168 3161 1376 3238 quibus
1417 3170 1719 3238 constant3
1762 3182 1908 3242 quae
