2259 3467
252 123 317 170 36
416 120 515 169 DE
548 118 838 170 FINIBUS
876 117 1232 169 BONORUM
1264 117 1358 166 ΕΤ
1392 117 1770 168 MALORUM.

253 229 443 280 autem
461 240 753 280 vescamur
769 220 840 278 iis
857 220 1192 298 rebu8,q11ac
1210 219 1432 278 dulcem
1453 226 1676 277 motum
1698 220 1942 279 afferant

253 301 527 373 sensibuS,
552 309 677 359 tum
700 320 821 359 esse
856 301 917 359 in
939 309 1103 358 motu
1126 299 1499 378 voluptatem,
1526 301 1626 378 qui
1652 301 1830 359 faciat
1851 321 1943 358 va-

253 383 511 440 rietatem
545 382 923 458 voluptatum,
941 381 1041 438 sed
1062 400 1180 437 non
1210 381 1405 457 augeri
1427 381 1581 438 illam
1605 400 1723 438 non
1746 380 1938 439 dolen-

252 463 325 519 di'
344 462 714 540 voluptatem,
737 481 907 539 quam
938 480 1038 519 cur
1059 461 1412 539 voluptatem
1434 460 1701 538 appelles,
1725 461 1935 520 nescio.

334 542 438 600 IV.
528 549 619 599 11.
663 545 760 599 An
788 548 1012 619 potest,
1044 541 1236 619 inquit
1270 536 1435 618 [ille],
1462 541 1777 619 quidquam
1816 561 1939 599 esse

252 623 476 680 svavius
526 642 696 700 quam
747 621 892 680 nihil
942 621 1173 680 dolere?
1253 621 1444 678 Immo
1489 621 1566 678 sit
1612 641 1747 681 sane
1791 621 1938 679 nihil

253 703 472 773 melina,
517 703 788 781 iuquam3
850 702 1110 759 nondum
1167 701 1322 759 enim
1379 700 1439 758 id
1488 719 1732 779 quaer03
1794 721 1936 759 num

253 791 553 860 propterea
592 783 747 841 idem
784 782 1048 859 voluptas
1081 788 1186 853 est,
1212 781 1385 860 quod,
1410 788 1477 839 ut
1506 782 1592 839 ita
1623 782 1828 853 dicam,
1852 783 1940 839 in·
2047 799 2052 803 ·

251 863 542 920 dolentia?
623 862 802 921 Plane
846 863 1019 934 idem,
1053 862 1259 940 inquit,
1291 870 1351 920 et
1395 862 1649 919 maxima
1681 862 1932 940 quidem,

251 963 364 1020 qua
384 942 506 1001 fieri
534 943 692 1001 nulla
713 944 894 1000 maior
921 950 1130 1020 potest.
1201 941 1356 1011 Quid
1377 942 1608 1000 dubitas
1636 943 1827 1019 igitur,
1852 942 1937 1000 in-

250 1043 440 1100 quam,
466 1043 693 1081 summo
724 1023 877 1080 bono
905 1043 940 1080 a
966 1030 1024 1081 te
1057 1023 1141 1080 ita
1173 1023 1507 1093 constitute,
1537 1030 1606 1080 ut
1649 1023 1710 1080 id
1743 1031 1931 1080 totum

247 1104 306 1160 in
342 1123 458 1161 non
494 1103 744 1161 dolendo
779 1103 870 1174 sit,
901 1102 963 1160 id
1005 1110 1200 1161 tenere
1237 1122 1434 1174 unum,
1458 1102 1520 1160 id
1561 1102 1727 1174 tueri,
1747 1103 1809 1160 id
1841 1104 1937 1161 de·

247 1184 516 1242 fenderell
596 1189 692 1241 12.
738 1182 893 1252 Quid
921 1183 1075 1240 enim
1105 1202 1334 1241 neccsse
1368 1191 1471 1254 est,
1495 1189 1790 1260 tamquam
1821 1203 1936 1241 me·

247 1265 508 1322 retricem
529 1264 586 1322 in
608 1270 995 1321 matronarum
1015 1270 1262 1334 coetum,
1280 1263 1360 1321 sic
1378 1263 1734 1338 voluptatem
1754 1263 1810 1320 in
1829 1263 1935 1321 vir·
1999 1299 2004 1304 ·

246 1350 440 1401 tutum
473 1344 776 1402 concilium
808 1344 1125 1402 adducere?
1207 1343 1565 1401 Invidiosum
1600 1363 1812 1401 nomen
1846 1350 1935 1402 est
2026 1403 2031 1408 ,

245 1425 480 1501 infame,
513 1432 858 1501 suspectum.
923 1424 1126 1502 Itaque
1154 1423 1266 1482 hoc
1286 1424 1618 1502 frequenter
1644 1424 1760 1481 dici
1788 1423 1934 1482 solet

246 1525 281 1561 a
309 1504 487 1576 vobiS,
509 1524 622 1562 non
657 1504 984 1582 intellegere
1012 1524 1135 1574 noS,
1158 1523 1328 1582 quam
1359 1504 1515 1562 dicat
1538 1504 1817 1580 Epicurus
1840 1524 1934 1562 vo-

246 1584 543 1661 luptatem.
628 1583 800 1653 Quod
828 1585 1061 1662 quidem
1090 1585 1239 1642 mihi
1266 1585 1314 1641 si
1338 1585 1567 1662 quando
1597 1584 1819 1642 dictum
1846 1592 1933 1642 est·

247 1655 361 1739 (est
393 1673 585 1724 autem
620 1666 839 1723 dictum
876 1684 992 1722 non
1028 1684 1229 1743 parum
1274 1662 1486 1742 saepe),
1518 1664 1627 1722 etsi
1661 1665 1798 1722 satis
1826 1664 1933 1722 cle-

245 1751 407 1803 ‘mens
428 1766 555 1804 sum
582 1747 641 1804 in
666 1745 1032 1823 disputando,
1057 1753 1251 1803 tamen
1283 1745 1571 1803 interdum
1602 1744 1758 1802 soleo
1780 1744 1931 1802 subi-

244 1826 402 1884 rasci.
488 1827 690 1904 Egone
722 1846 838 1883 non
884 1826 1174 1902 intellego,
1207 1825 1349 1902 quid
1382 1825 1458 1882 sit
1492 1823 1656 1893 ἡδονή
1696 1825 1928 1896 Graece,

244 1905 448 1964 Latine
488 1905 797 1981 voluptas?
858 1913 1041 1963 utram
1102 1906 1335 1963 tandem
1390 1904 1643 1983 lingvam
1700 1905 1931 1963 nescio?

243 1985 472 2044 Deinde
517 1986 617 2063 qui
661 1985 744 2057 fit,
769 1993 835 2043 ut
882 2005 993 2063 ego
1031 1986 1298 2055 nesciam,
1330 1985 1518 2043 sciant
1563 2004 1779 2052 omneS,
1811 1985 1932 2063 qui-

244 2084 490 2143 cumque
534 2066 802 2142 Epicurei
835 2085 957 2122 esse
992 2065 1316 2124 voluerint?
1397 2064 1569 2134 Quod
1604 2066 1775 2123 vestri
1810 2065 1933 2143 qui-

245 2146 378 2202 dem
412 2146 500 2203 vel
535 2146 755 2223 optime
789 2146 1102 2222 disputant,
1127 2145 1271 2203 nihil
1307 2165 1454 2223 opus
1486 2166 1624 2218 esse,
1650 2165 1799 2217 eum,
1832 2145 1932 2224 qui

245 2226 475 2284 futurus
530 2226 605 2283 sit
659 2225 1057 2303 philosophus,
1103 2227 1246 2284 scire
1301 2225 1534 2284 litteras.
1620 2225 1824 2303 Itaque
1866 2233 1932 2284 ut

243 2307 488 2364 maiores
531 2307 714 2363 nostri
755 2305 826 2363 ab
878 2313 1066 2364 aratro
1113 2306 1477 2364 adduxerunt
1521 2306 1930 2364 Cincinnatum

243 2385 424 2457 illum,
466 2394 532 2444 ut
570 2385 818 2443 dictator
865 2392 1028 2456 esset,
1066 2386 1147 2444 sic
1191 2406 1294 2444 vos
1336 2387 1409 2444 de
1454 2386 1619 2464 pagis
1662 2386 1933 2444 omnibus

243 2465 515 2542 colligitis
543 2465 728 2523 bonos
761 2465 889 2524 illos
917 2466 1153 2544 quidem
1180 2467 1348 2538 viros»,
1374 2467 1475 2525 sed
1508 2474 1660 2524 certe
1692 2485 1807 2524 non
1839 2485 1932 2543 pe-

174 2568 178 2573 ·
243 2546 543 2604 reruditOS.
624 2552 715 2604 13.
761 2546 916 2622 Ergo
958 2546 1041 2604 illi
1083 2546 1442 2623 intellegunt,
1465 2547 1605 2624 quid
1650 2547 1935 2624 Epicurus

244 2625 414 2698 dicat,
446 2646 556 2703 ego
591 2645 705 2683 non
742 2626 1052 2703 intellego?
1131 2626 1223 2686 Ut
1255 2627 1399 2684 scias
1444 2646 1536 2685 me
1580 2626 1928 2704 intellegere,

243 2706 491 2782 primum
519 2706 672 2763 idem
694 2699 867 2784 [esse]
884 2707 1015 2764 dico
1037 2707 1402 2781 voluptatem,
1418 2707 1576 2784 quod
1598 2706 1691 2764 ille
1713 2705 1929 2775 ἡδονήν.

244 2786 321 2843 Et
363 2786 593 2864 quidem
642 2806 810 2863 saepe
859 2787 1187 2863 quaerimus
1232 2787 1464 2845 verbum
1517 2787 1788 2845 Latinum
1830 2804 1934 2864 par

243 2866 462 2924 Graeco
504 2873 563 2923 et
611 2867 766 2944 quod
816 2866 967 2924 idem
1013 2867 1235 2939 valeat3
1278 2866 1373 2925 hic
1416 2867 1559 2925 nihil
1611 2868 1742 2939 fuit,
1776 2867 1931 2945 quod

245 2965 656 3023 quaereremus·
743 2947 977 3005 Nullum
1011 2947 1253 3005 inveniri
1276 2947 1509 3005 verbum
1540 2956 1749 3025 potest,
1777 2947 1930 3025 quod

244 3026 428 3102 magis
469 3026 620 3083 idem
658 3027 906 3085 declaret
939 3027 1160 3098 Latine,
1186 3027 1343 3104 quod
1375 3028 1606 3098 Graece,
1633 3047 1805 3105 quam
1840 3027 1930 3085 de·

245 3104 420 3163 clarat
448 3107 727 3180 voluptas.
802 3107 958 3164 Huic
979 3106 1152 3164 verbo
1182 3126 1398 3178 omneS,
1420 3108 1519 3184 qui
1542 3108 1755 3186 ubique
1778 3115 1932 3178 sunt,

245 3185 346 3260 qui
394 3184 595 3244 Latine
641 3187 846 3258 sciunt,
885 3186 1028 3244 duas
1071 3205 1161 3243 res
1210 3186 1517 3259 subiciunt,
1550 3187 1826 3245 laetitiam
1871 3188 1932 3245 in
