2259 3467
771 490 1010 550 LIBER
1065 489 1510 551 SECUNDUS.

821 739 1477 791 ARGUMENTUM.

366 841 430 889 In
456 839 551 889 hoc
576 838 702 889 libro
718 839 933 917 Epicuri
956 839 1159 888 decreta
1180 853 1212 886 a
1234 837 1474 888 Cicerone
1497 837 1925 901 reprehenduntur
1940 847 1995 889 et

302 906 598 966 iwefutantui,
623 905 706 968 qui
732 906 874 954 initio
894 919 990 953 uon
1008 911 1244 967 perpetua
1261 918 1318 951 οι
1319 904 1484 953 atione
1504 904 1674 963 utitur,
1696 904 1782 953 sed
1802 905 1996 953 mavult

270 1029 273 1032 ‚
303 973 355 1020 in
383 971 588 1032 singulis
615 971 847 1019 insistens
869 970 1185 1034 Torquatum
1206 970 1515 1031 iuterimogaie
1541 978 1591 1018 et
1613 985 1679 1019 ex
1702 969 1777 1030 iis,
1797 984 1935 1034 quae
1949 970 1995 1018 is

303 1033 615 1094 concesserit,
645 1043 942 1096 argumenta
982 1034 1276 1084 concludere
1314 1035 1377 1098 (c.
1415 1036 1483 1095 l).
1568 1036 1794 1084 Primum
1840 1036 1998 1096 igitur

304 1101 574 1166 Epicurum
601 1101 655 1149 in
684 1102 793 1164 ipsa
817 1102 868 1149 ri
894 1110 945 1149 et
979 1110 1161 1149 natura
1193 1100 1463 1163 voluptatis
1497 1100 1843 1157 constituenda.
1871 1116 1908 1148 a
1940 1115 1996 1149 se

305 1167 544 1216 dissidere
570 1166 803 1226 ostendit,
825 1166 1037 1215 breviter
1062 1165 1272 1214 subinde
1302 1167 1563 1230 Torquato
1589 1165 1655 1214 ad
1688 1166 1996 1226 interrogata

305 1232 666 1295 respondente3
704 1239 809 1279 tum
846 1232 979 1281 enim
1007 1246 1119 1280 eam
1159 1231 1461 1294 voluptatem
1500 1231 1771 1294 Epicurum
1808 1232 1988 1288 dicer‚e

306 1313 435 1361 quae
459 1298 524 1346 ab
551 1296 778 1345 omnibus
812 1296 1021 1373 dicatur,
1049 1311 1177 1359 quae
1209 1297 1274 1344 sit
1302 1297 1352 1344 in
1387 1297 1602 1345 iucundo
1632 1309 1770 1345 motu
1801 1312 1988 1357 sensus„

307 1376 413 1412 tum
431 1378 557 1422 eam,
582 1376 711 1424 quae
731 1361 892 1424 posita
914 1362 979 1410 sit
1000 1363 1053 1409 in
1073 1376 1175 1410 non
1192 1360 1437 1422 dolend03
1470 1362 1592 1410 haec
1612 1370 1779 1410 autem
1801 1362 1998 1410 diversa

307 1444 431 1489 esse,
451 1443 551 1477 non
576 1426 751 1476 eadem
778 1427 844 1490 (c.
867 1430 914 1488 2,
938 1427 1021 1488 3)·
1009 1464 1022 1488 ,
1059 1441 1153 1475 nec
1179 1427 1383 1476 omnino
1411 1427 1712 1490 voluptatem
1736 1442 1844 1476 esse
1869 1427 1998 1475 nihil

308 1494 491 1554 dolere,
515 1493 601 1542 sed
625 1492 755 1542 inter
776 1493 1078 1555 ioluptatem
1102 1501 1154 1541 et
1176 1492 1397 1541 dolorem
1420 1493 1621 1541 tertium
1651 1493 1744 1542 hoc
1768 1493 1997 1541 interiec-

309 1569 417 1608 tum
461 1574 584 1620 esse,
616 1573 730 1606 cum
770 1572 930 1621 neque
968 1558 1021 1605 in
1060 1557 1229 1607 dolore
1267 1572 1427 1621 neque
1464 1557 1516 1605 in
1549 1557 1805 1620 voluptate
1841 1558 1997 1605 simus

308 1623 375 1687 (c.
402 1626 448 1685 4,
472 1623 544 1686 5).
634 1623 766 1672 Hinc
816 1624 918 1672 iam
962 1624 1222 1700 Torquato
1264 1622 1563 1685 respondere
1613 1624 1825 1684 nolente,
1862 1623 1999 1686 quod

309 1690 581 1739 dialecticis
616 1688 924 1753 captionibus
952 1704 1005 1738 se
1031 1689 1210 1737 irretiri
1244 1696 1401 1752 putat,
1423 1688 1598 1738 Cicero
1625 1699 1861 1752 perpetua
1886 1704 1999 1737 ora-

311 1758 447 1805 tione
469 1757 600 1805 idem
625 1755 874 1819 explicare
896 1753 1069 1818 pergit,
1088 1755 1378 1817 Epicurum,
1399 1755 1441 1802 si
1464 1754 1565 1803 duo
1592 1754 1677 1802 illa
1703 1756 2000 1815 coniungere

309 1823 473 1883 tenet,
496 1822 682 1885 duplici
718 1821 819 1870 fine
850 1821 1092 1869 bonorum
1131 1820 1204 1868 uti
1238 1818 1467 1869 debuisse
1502 1819 1571 1881 (c.
1595 1819 1674 1881 6);
1713 1820 1838 1868 duas
1864 1820 1999 1867 enim

311 1903 418 1937 esse
441 1902 534 1948 ωε,
557 1901 656 1935 non
677 1886 836 1934 solum
857 1885 1033 1946 v·;e1ba
1074 1900 1206 1934 nunc
1229 1900 1382 1934 unum
1402 1900 1515 1933 eum
1538 1900 1603 1933 cx
1621 1885 1811 1934 duobus
1835 1885 1999 1934 facere

311 1954 509 2013 conari;
548 1967 665 2000 nam
701 1950 953 1999 interdum
986 1951 1057 1998 ita
1087 1950 1224 2013 loqui
1252 1950 1315 2000 de
1342 1959 1481 1999 motu
1507 1951 1772 2012 voluptatis
1807 1952 1856 1998 in
1891 1965 2001 1998 cor·

312 2033 449 2080 pore,
468 2026 525 2065 ut
547 2018 696 2065 etiam
718 2016 946 2064 luxuriae
968 2015 1298 2078 patrocinium
1321 2016 1566 2079 suscipere
1588 2016 1810 2064 videatur
1830 2016 1899 2078 (c.
1921 2018 1993 2077 7),

314 2083 465 2132 modo
477 2082 599 2145 ·quis
621 2081 873 2142 eleganter
898 2089 949 2129 et
972 2090 1118 2129 caute
1138 2081 1421 2130 luxuriosus
1443 2082 1536 2140 sit;
1568 2080 1639 2144 (et
1660 2090 1828 2130 tamen
1853 2081 2002 2130 luxu-

313 2150 471 2197 riosos
514 2147 726 2205 svaviter
764 2147 942 2206 vivere,
975 2161 1075 2195 non
1114 2147 1256 2205 bene,
1290 2161 1419 2209 quae
1457 2147 1605 2207 longe
1642 2147 1744 2195 sint
1781 2146 2003 2195 diiuncta
2081 2179 2084 2182 -

316 2213 381 2276 (c.
408 2215 494 2274 8);
533 2227 626 2261 nec
667 2219 798 2261 recte
842 2211 1114 2274 Epicurum
1154 2211 1446 2274 cupiditates
1485 2211 1721 2272 divisisse,
1757 2212 2004 2260 desideria

317 2290 523 2328 naturae
561 2292 676 2326 cum
717 2277 1071 2340 cupiditatibus
1106 2277 1491 2326 confundentem
1511 2281 1555 2341 3)
1599 2278 1777 2326 deinde
1810 2287 1996 2337 autem,

316 2359 431 2392 cum
466 2343 611 2392 huius
637 2357 753 2391 eum
787 2342 1105 2405 turpitudinis
1131 2342 1376 2404 puduerit,
1401 2344 1470 2391 sic
1497 2343 1705 2391 alterum
1741 2341 1882 2401 illud,
1901 2357 1999 2391 non

318 2410 498 2467 dolere,
540 2408 761 2469 laudare,
809 2416 863 2456 ut
906 2408 1038 2470 prior
1077 2408 1165 2456 illa
1200 2416 1249 2456 et
1289 2423 1407 2457 vera
1449 2408 1675 2471 voluptas
1711 2409 2013 2457 obscuretur*

318 2477 387 2537 (c.
411 2476 486 2535 9).
559 2475 738 2537 Itaque
771 2488 871 2521 non
905 2483 1038 2522 recte
1063 2488 1177 2522 eum
1207 2489 1240 2522 a
1263 2474 1427 2536 pueris
1453 2483 1503 2523 et
1540 2474 1707 2522 bestiis
1740 2488 2005 2534 argumen-

319 2552 424 2590 tum
449 2554 656 2596 sumere‚
670 2553 784 2587 cum
807 2553 891 2586 eos
909 2553 1103 2588 svavem
1128 2538 1262 2587 illam
1281 2539 1583 2601 voluptatem
1607 2547 1839 2603 expetere
1855 2538 2004 2597 dicat,

319 2621 570 2655 summum
599 2613 768 2653 autem
801 2603 989 2652 bonum
1013 2618 1115 2652 non
1150 2605 1317 2653 dolere
1350 2619 1456 2653 esse
1486 2605 1603 2654 velit
1630 2605 1695 2667 (c.
1722 2606 1822 2662 10).
1894 2604 2004 2652 Nec

319 2672 521 2720 omnino
552 2669 736 2719 animal
772 2668 989 2732 primum
1025 2678 1206 2729 ortum,
1227 2673 1298 2718 ut·
1317 2671 1619 2732 voluptatem
1654 2677 1804 2733 petat,
1828 2677 2008 2718 natura

318 2737 521 2794 moveri,
545 2735 632 2784 sed
668 2744 723 2783 ut
759 2750 812 2783 se
856 2734 1031 2795 diligat
1069 2742 1120 2784 et
1159 2743 1440 2794 conservet3
1479 2737 1648 2799 itaque
1686 2736 1735 2783 in
1770 2735 1846 2796 iis,
1875 2749 2007 2797 quae

318 2803 481 2865 prima
512 2808 821 2864 appetantur,
841 2800 1000 2848 multa
1031 2815 1140 2849 esse
1172 2810 1366 2863 praeter
1391 2801 1724 2864 voluptatem3
1762 2808 1914 2863 atque
1940 2800 2006 2848 ab

320 2869 497 2917 horum
518 2868 794 2930 primorum
821 2866 1117 2915 naturalium
1146 2865 1496 2915 constitutione
1521 2867 1671 2916 fluere
1692 2881 1894 2914 omnem
1920 2866 2007 2914 bo-

320 2949 497 2982 norum
533 2942 585 2982 et
619 2932 863 2979 malorum
898 2932 1173 2991 rationem;
1211 2940 1399 2980 ceteros
1427 2931 1742 2996 philosophos
1770 2931 1864 2980 sibi
1890 2946 2009 2980 con-

321 3000 519 3058 stitisse,
540 3007 596 3046 ut
618 2997 692 3058 iis,
715 3011 842 3061 quae
867 2996 1024 3059 prima
1039 2997 1330 3058 posuissent,
1351 2997 1462 3044 finis
1481 2998 1720 3046 bonorum
1744 2998 2010 3061 responde·

323 3073 414 3124 ret,
433 3065 700 3126 Epicurum
721 3079 752 3110 a
776 3078 829 3110 se
857 3062 1132 3123 discrepare
1159 3063 1227 3121 (c.
1250 3061 1352 3123 11).
1425 3062 1621 3112 Deinde
1649 3063 1823 3112 Cicero
1848 3064 2010 3126 dispu-

324 3137 412 3188 tat,
448 3143 546 3176 uon
587 3143 817 3176 sensuum
861 3127 953 3175 hoc
992 3140 1099 3174 esse
1135 3126 1196 3174 de
1240 3142 1433 3175 summo
1474 3128 1603 3177 bono
1638 3129 1890 3190 iudicium,
1922 3129 2010 3178 sed

323 3194 545 3255 rationis,
567 3208 693 3257 quae
720 3207 892 3242 omncs
925 3192 1195 3242 sententias
1229 3201 1314 3241 aut
1337 3193 1600 3257 voluptatis
1633 3192 1898 3258 participes
1922 3204 2013 3244 aut
