2259 3467
637 128 776 179 Lm.
805 129 926 193 IV„
953 129 1110 181 cAP.
1140 131 1649 183 xxvi-xxvm.
1896 136 1988 185 141

302 228 450 287 stius
488 247 593 287 nec
630 230 788 307 turpi
820 230 1061 308 turpius,
1147 232 1332 309 Perge
1366 252 1572 311 porro;
1615 253 1749 291 nam
1779 234 1851 292 de
1878 235 1992 293 isto

302 327 517 386 magna
550 309 831 367 dissensio
865 318 985 382 est3
1027 311 1127 370 illa
1159 320 1497 389 argumenta
1528 314 1763 391 propria
1808 315 1994 372 videa·

303 407 453 460 mus,
473 407 573 446 cur
595 390 792 447 omnia
809 390 925 447 sint
946 392 1105 468 paria
1125 400 1375 469 peccata.
1436 393 1541 464 Ut,
1565 394 1769 472 inquit,
1790 395 1848 451 in
1869 394 1994 452 fidi-

303 468 415 526 bus
435 467 713 546 pluribus,
733 470 780 527 si
803 470 963 528 nulla
983 491 1177 529 earum
1207 473 1291 530 ita
1309 480 1580 531 contenta
1601 474 1789 531 nervis
1811 475 1901 546 sit,
1927 482 1995 533 ut

303 557 652 607 concentum
689 569 910 609 servare
942 552 1145 628 possit,
1170 571 1371 611 omnes
1412 572 1591 632 aeque
1625 554 1993 613 incontentae

305 629 441 699 sint,
473 629 554 688 sic
587 637 838 707 peccata,
870 632 1007 706 quia
1038 632 1382 710 discrepant,
1413 653 1591 711 aeque
1633 634 1990 711 discrepant3

206 728 211 732 ·
304 710 464 787 paria
480 718 615 768 sunt
631 710 824 786 igitur.
872 710 988 768 Hic
1005 711 1280 789 ambiguo
1298 713 1565 771 ludimur.
1617 713 1818 792 Aeque
1837 716 1988 772 enim

305 790 597 868 contingit
624 789 893 848 omnibus
919 790 1149 863 fidibus,
1173 799 1241 850 ut
1266 792 1633 851 incontentae
1661 795 1806 866 sint3
1850 795 1993 853 illud

305 888 424 927 non
454 870 751 940 continu0,
775 877 842 928 ut
869 890 1048 949 aeque
1075 872 1458 932 incontentae.
1544 873 1794 931 Collatio
1815 875 1996 951 igitur

305 949 418 1008 ista
438 959 498 1009 te
520 949 665 1008 nihil
688 951 880 1022 iuvat3
916 970 1020 1009 nec
1042 953 1215 1023 enim,
1236 971 1437 1011 omnes
1458 954 1724 1011 avaritias
1745 954 1791 1010 si
1815 974 1993 1032 aeque

306 1031 575 1089 avaritias
620 1049 741 1088 csse
780 1030 1110 1104 dixerimus,
1142 1040 1428 1111 sequetur,
1459 1040 1525 1091 ut
1561 1034 1732 1090 etiam
1784 1053 1993 1112 aequas

306 1128 431 1169 esse
460 1111 733 1170 dicamus.
821 1110 854 1168 7
861 1116 914 1170 6.
959 1111 1108 1170 Ecce
1137 1112 1293 1171 aliud
1322 1113 1507 1171 simile
1536 1113 1828 1172 dissimile.
1905 1114 1995 1173 Ut

306 1191 482 1262 enim,
518 1190 725 1269 inquit,
755 1190 1106 1268 gubernator
1145 1212 1325 1271 aeque
1365 1200 1582 1272 peccat,
1612 1194 1661 1251 si
1701 1194 1990 1273 palearum

305 1289 511 1329 navem
547 1271 754 1329 evertit
785 1277 846 1329 et
878 1271 927 1328 si
960 1272 1099 1343 auri,
1124 1273 1263 1331 item
1304 1293 1483 1351 aeque
1516 1283 1731 1351 peccat,
1765 1274 1864 1352 qui
1897 1294 1995 1352 pa-

304 1359 528 1409 rentem
573 1358 634 1409 et
678 1350 778 1429 qui
828 1370 1051 1410 servum
1097 1353 1307 1411 iniuria
1342 1353 1615 1412 verberat.
1703 1354 1833 1412 Hoc
1873 1374 1992 1412 non

306 1431 516 1503 videre,
539 1432 702 1490 cuius
734 1431 960 1508 generis
997 1452 1144 1490 onus
1181 1434 1343 1491 navis
1376 1433 1563 1505 vehat,
1586 1434 1648 1492 id
1682 1435 1755 1492 ad
1791 1434 1993 1511 guber-
2083 1437 2098 1452 ⁶

304 1511 527 1569 natoris
573 1519 752 1569 artem
805 1511 947 1569 nihil
998 1513 1315 1591 pertinere3
1356 1513 1570 1590 itaque,
1600 1532 1802 1571 aurum
1843 1514 1993 1591 palc-

304 1610 476 1649 amne
502 1598 712 1670 portet,
732 1591 807 1649 ad
834 1591 980 1650 bene
999 1599 1100 1650 aut
1117 1592 1193 1650 ad
1210 1593 1358 1651 male
1379 1593 1814 1670 gubernandum
1848 1594 1991 1651 nihil

304 1671 609 1743 interesse3
644 1678 706 1729 at
732 1671 873 1750 quid
901 1672 1052 1730 inter
1077 1680 1373 1750 parentem
1410 1680 1470 1730 et
1502 1673 1785 1731 servulum
1822 1673 1993 1732 inter-

305 1752 398 1823 sit,
422 1751 678 1827 intellegi
707 1759 768 1810 et
787 1759 983 1830 potest
1003 1759 1063 1810 et
1090 1752 1278 1811 debet.
1344 1753 1500 1830 Ergo
1527 1753 1586 1811 in
1617 1752 1991 1830 gubernando

303 1831 469 1903 nihil,
489 1833 549 1889 in
571 1830 761 1890 officio
789 1832 1101 1909 plurimum
1130 1833 1386 1904 interest,
1411 1833 1612 1911 quoin
1636 1852 1844 1910 genere
1864 1852 1994 1912 pec-

304 1919 481 1970 cetur.
565 1911 660 1983 Et,
690 1912 740 1969 si
782 1913 844 1970 in
887 1912 1015 1991 ipsa
1059 1913 1475 1990 gubernatione
1508 1913 1874 1991 neglegentia
1906 1922 1994 1973 est

302 1993 468 2050 navis
499 2011 707 2063 eversa,
740 1992 924 2051 maius
956 2000 1045 2051 est
1083 1999 1383 2072 peccatum
1426 1993 1488 2050 in
1536 2012 1676 2051 auro
1715 2013 1889 2071 quam
1929 1995 1991 2053 in

303 2072 484 2151 palea.
570 2071 857 2131 Omnibus
896 2073 1050 2131 enim
1086 2074 1305 2132 artibus
1345 2074 1610 2132 volumus
1654 2074 1991 2133 attributam

304 2172 427 2211 esse
448 2172 593 2224 eam,
615 2172 761 2231 quae
780 2153 1106 2212 communis
1133 2153 1454 2232 appellatur
1473 2156 1796 2234 prudentia,
1818 2176 1991 2235 quam

304 2252 525 2305 omnes,
547 2233 888 2310 cuicumque
920 2233 1165 2293 artificio
1198 2243 1486 2313 praesunt,
1517 2236 1732 2295 debent
1764 2236 1988 2296 habere.

304 2311 398 2372 Ita
424 2332 501 2372 ne
535 2312 646 2371 hoc
673 2314 851 2372 modo
878 2315 1039 2392 paria
1066 2315 1299 2394 quidem
1331 2323 1566 2393 peccata
1598 2325 1748 2376 sunt.

383 2393 678 2452 XXVIII.
763 2393 857 2453 77.
894 2394 1163 2472 Urgvent
1189 2403 1383 2454 tamen
1406 2403 1466 2454 et
1493 2396 1636 2454 nihil
1668 2396 1987 2456 remittunt.

304 2463 612 2545 Quoniam,
635 2474 925 2552 inquiunt,
947 2494 1120 2533 omne
1154 2483 1452 2553 peccatum
1488 2475 1899 2534 imbecillitatis
1932 2484 1991 2535 ct

303 2554 723 2613 inconstantiae
751 2561 854 2627 est,
875 2554 1014 2613 haec
1034 2562 1227 2614 autem
1252 2556 1392 2613 vitia
1411 2556 1472 2613 in
1502 2555 1772 2614 omnibus
1799 2556 1991 2615 stultis

303 2653 483 2712 aeque
521 2653 731 2712 magna
774 2643 925 2707 sunt,
960 2655 1188 2695 necesse
1226 2643 1314 2695 est
1360 2636 1521 2714 paria
1567 2655 1690 2695 esse
1737 2644 1987 2713 peccata.

304 2713 483 2783 Quasi
512 2734 644 2772 vero
672 2722 772 2773 aut
804 2716 1168 2783 concedatur,
1193 2717 1251 2773 in
1283 2716 1553 2774 omnibns
1586 2716 1778 2774 stultis
1811 2734 1991 2794 aeque

303 2812 516 2870 magna
537 2814 657 2853 esse
680 2795 822 2854 vitia
841 2803 902 2855 et
922 2797 1120 2855 eadem
1156 2796 1550 2856 imbecillitate
1578 2803 1639 2855 et
1664 2796 1990 2853 inconstan-

282 2874 387 2932 'tia
414 2873 477 2934 L.
502 2873 793 2934 Tubulum
821 2877 1017 2949 fuisse,
1041 2896 1156 2955 qua
1181 2877 1362 2949 illum,
1382 2877 1544 2935 cuius
1571 2877 1621 2934 is
1650 2875 1992 2934 condemna-

301 2961 399 3013 tus
427 2962 515 3012 est
543 2956 858 3032 rogatione,
882 2957 949 3015 P.
975 2956 1338 3029 Scaevolam3
1382 2964 1441 3014 et
1470 2957 1632 3034 quasi
1662 2954 1805 3013 nihil
1840 2955 1992 3013 inter

301 3054 392 3093 res
421 3054 652 3113 quoque
678 3035 848 3112 ipsas,
871 3036 933 3092 in
963 3035 1172 3114 quibus
1198 3043 1482 3113 peccatur,
1505 3036 1747 3106 intersit,
1767 3041 1850 3105 ut,
1872 3054 1988 3112 quo

301 3114 410 3173 hae
433 3114 677 3173 maiores
705 3115 1022 3173 minoresve
1044 3116 1177 3186 sint,
1201 3135 1287 3186 ec,
1309 3134 1453 3193 quae
1482 3122 1789 3192 peccentur
1815 3115 1874 3172 in
1898 3114 1989 3171 his

300 3195 490 3260 rebus,
514 3202 615 3253 aut
643 3194 858 3252 maiora
885 3195 1004 3253 sint
1023 3201 1123 3253 aut
1151 3195 1406 3254 minora!
1492 3194 1524 3253 7
1533 3202 1584 3256 8.
1622 3194 1824 3273 Itaque
1845 3190 1986 3270 (iam
