2259 3467
291 152 358 200 80
460 150 560 199 DE
592 150 882 200 FINIBUS
915 150 1267 201 BONORUM
1303 149 1395 199 ΕΤ
1426 150 1804 203 MALORUM.

289 256 489 312 propter
511 263 564 297 se
586 247 948 310 expetendum·
936 285 949 309 ,
987 249 1149 311 prima
1170 256 1336 297 autem
1358 257 1567 298 naturae
1589 264 1687 298 non
1709 257 1910 313 propter
1928 266 1986 300 se

291 328 420 377 expe
422 313 574 363 tenda
605 322 734 374 sunt,
759 323 810 362 et
837 323 1003 362 tamen
1032 314 1204 362 omnia
1228 312 1391 362 officia
1423 315 1486 362 ab
1514 314 1574 362 iis
1600 316 1986 376 proficiscuntur

291 378 356 440 (e.
379 378 445 440 6).
519 350 776 440 Appetitio
803 379 957 426 animi
985 393 1085 427 nou
1112 379 1177 427 ad
1206 379 1418 455 quodvis
1445 380 1577 428 vitae
1602 395 1773 455 genae,
1800 381 1888 428 sed
1916 382 1985 429 ad

292 444 543 506 quandam
571 443 783 492 formam
805 444 1000 492 vivendi
1024 444 1144 491 data
1170 453 1261 504 est,
1286 442 1504 519 itemque
1528 444 1673 505 rati0,
1699 455 1753 493 ut
1778 445 1842 493 ad
1872 460 1985 508 per-

291 508 474 557 fectam
515 508 772 569 rationem,
801 523 929 571 quae
969 509 1213 570 sapientia
1250 517 1301 557 et
1333 510 1487 557 virtus
1524 519 1614 567 est,
1649 511 1978 571 perveniatur.

292 573 576 649 Sapientiae
597 573 826 621 ultimum
848 581 939 633 est,
961 587 1058 622 non
1083 573 1273 636 aliquid
1295 583 1439 622 extra
1461 589 1514 622 se
1536 574 1742 636 efficere,
1763 575 1888 623 sed'
1874 591 1986 639 ipsa

291 639 438 698 actio,
462 646 526 698 et,
551 638 681 700 quod
707 649 838 687 recte
862 638 1046 686 factum
1070 646 1160 699 est,
1185 638 1236 686 id
1258 653 1432 687 omnes
1455 639 1650 687 virtutis
1674 655 1907 689 numeros
1930 642 1984 688 in

293 718 347 751 se
372 703 609 752 continet.
675 703 849 751 Virtus
875 713 1046 752 autem
1075 703 1230 752 teneri
1256 718 1358 751 non
1385 713 1561 765 potest,
1588 705 1684 752 nisi
1715 713 1976 766 statuatur,

295 766 417 815 nihil
440 783 564 828 esse,
585 768 719 831 quod
739 768 931 816 intersit
953 777 1044 816 aut
1066 768 1265 816 differat
1286 768 1420 816 aliud
1445 770 1509 817 ab
1533 769 1631 817 alio
1654 769 1773 832 (quo
1797 770 1984 818 bouum

264 862 269 866 -
294 841 383 880 aut
412 832 599 881 malum
623 832 723 894 sit),
746 846 938 895 praeter
964 832 1176 881 honesta
1201 841 1252 881 et
1280 833 1457 896 turpia.
1531 835 1711 897 Itaque
1737 835 1984 897 sapientes

294 912 466 946 omnes
492 912 685 960 semper
707 899 834 946 beati
859 907 973 944 sunt
993 897 1054 958 (c.
1079 898 1145 958 7).
1217 897 1366 958 Quod
1392 907 1559 946 autem
1583 907 1740 947 totam
1764 899 1984 962 discipli-

295 977 412 1011 nam
447 963 682 1023 continet,
709 963 843 1026 quod
879 964 1136 1010 honestum
1173 963 1251 1023 sit,
1282 963 1333 1011 id
1367 978 1476 1014 esse
1509 963 1670 1011 solum
1701 964 1904 1023 bonum,
1921 964 1984 1012 -id

292 1027 523 1077 brevibus
545 1027 838 1090 quibusdam
868 1038 918 1075 et
943 1027 1099 1075 acutis
1124 1027 1402 1076 Stoicorum
1433 1028 1701 1076 rationibus
1730 1028 1983 1077 concludi-

295 1101 390 1153 tur,
415 1108 543 1156 quae
564 1109 632 1140 ex
655 1107 714 1141 eo
736 1092 998 1154 ducuntur,
1023 1092 1156 1155 quod
1181 1093 1365 1141 bonum
1389 1092 1640 1141 laudabile
1666 1102 1742 1142 est
1763 1104 1813 1157 et
1837 1095 1984 1143 beata

294 1158 398 1206 vita
419 1156 712 1217 gloriatione
733 1158 900 1218 digna,
920 1167 972 1206 et
993 1158 1124 1220 quod
1148 1157 1225 1205 fot
1228 1158 1289 1204 tis
1311 1159 1385 1204 vir
1404 1158 1547 1206 aliter
1569 1173 1675 1206 esse
1698 1173 1799 1207 non
1821 1167 1984 1221 potest

294 1221 358 1282 (c.
383 1223 449 1284 8).
514 1223 621 1272 Nec
645 1232 811 1271 tamen
823 1222 1075 1299 ..probandi
1101 1231 1217 1271 sunt
1239 1222 1307 1270 illi
1330 1222 1622 1286 philosophi,
1644 1224 1730 1285 qui
1753 1223 1823 1271 sic
1847 1239 1985 1271 sum-

295 1302 433 1336 mum
461 1287 646 1335 bonum
673 1288 724 1335 in
753 1286 923 1335 animo
953 1296 1235 1350 posuerunt,
1262 1297 1316 1335 ut
1340 1288 1529 1336 nullam
1558 1303 1720 1337 rerum
1750 1288 1985 1337 differen-

295 1352 417 1400 tiam
456 1367 565 1401 esse
604 1351 858 1412 dicerent,
896 1367 1013 1400 nam
1047 1353 1098 1400 in
1133 1352 1398 1401 selectione
1437 1368 1608 1402 earum
1648 1368 1826 1413 rerum,
1853 1368 1986 1417 quae

295 1425 412 1465 sunt
456 1405 728 1465 secundnm
773 1427 1024 1479 naturam,
1055 1422 1107 1466 et
1152 1419 1509 1466 contrariarum
1554 1419 1821 1466 reiectione
1867 1434 1982 1480 pru-

295 1481 465 1530 dentia
494 1490 544 1530 et
570 1483 725 1530 vinus
752 1482 909 1544 posita
940 1493 1031 1531 est.
1104 1483 1284 1545 Itaque
1317 1497 1565 1530 sumntum
1593 1483 1778 1531 bonnm
1805 1492 1881 1532 est
1910 1484 1984 1530 vi-

293 1561 409 1596 vere
434 1547 695 1596 scientiam
718 1547 1035 1595 adhibentem
1058 1562 1227 1595 earum
1252 1561 1435 1607 rerum,
1455 1561 1584 1611 quae
1611 1557 1791 1596 natura
1814 1548 1985 1597 eveni-

295 1623 397 1673 ant,
430 1612 736 1673 seligentem,
768 1627 896 1674 quae
942 1612 1212 1661 secundum
1257 1621 1504 1673 naturam,
1535 1622 1602 1672 et,
1635 1626 1763 1675 quae
1807 1624 1986 1661 contra

296 1689 527 1727 naturam
561 1677 676 1736 sint,
706 1677 989 1726 reicientem
1024 1677 1086 1739 (c.
1115 1676 1183 1739 9).
1266 1677 1509 1725 Actiones
1541 1689 1711 1726 autem
1744 1678 1986 1726 honestae

296 1742 404 1804 ipsa
426 1743 749 1805 susceptione,
769 1757 867 1790 non
891 1742 1087 1801 effectu,
1107 1740 1381 1790 laudabiles
1403 1751 1517 1789 sunt
1539 1741 1721 1803 (ibid).
1781 1743 1985 1791 Bonum

296 1806 550 1867 Diogenes
572 1807 973 1857 commodissime
996 1806 1220 1854 definivit
1241 1806 1308 1867 id,
1332 1806 1463 1870 quod
1486 1817 1615 1855 esset
1641 1816 1818 1855 natura
1838 1808 1984 1855 abso-

296 1871 469 1921 lutum.
529 1871 614 1920 Ad
636 1873 752 1920 boni
774 1873 1029 1920 notionem
1052 1871 1349 1934 pervenitur,
1368 1887 1480 1919 cum
1505 1872 1699 1920 animus
1722 1871 1986 1921 collatione

296 1936 502 1985 rationis
530 1938 750 1986 ascendit
775 1937 839 1985 ab
866 1937 926 1984 iis
953 1936 1114 1996 robae,
1139 1950 1264 1999 quae
1291 1946 1406 1984 sunt
1433 1938 1699 1984 secundum
1730 1946 1994 1986 naturam..

297 2002 501 2050 Bonum
535 2010 704 2050 autem
737 2016 770 2050 a
801 2002 977 2050 ceteris
1011 2001 1172 2062 rebus,
1198 2016 1326 2065 quae
1359 2001 1689 2050 aestimabiles
1723 2011 1853 2062 sunt,
1880 2016 1984 2051 non

297 2066 472 2127 gradu,
500 2066 588 2115 sed
619 2080 799 2126 genere
832 2066 999 2114 differt
1031 2076 1082 2116 et
1115 2081 1256 2114 suam
1292 2066 1439 2114 habet
1470 2067 1717 2130 propriam
1752 2067 1986 2115 aestima-

298 2130 483 2180 tionem
509 2130 573 2191 (c.
596 2132 694 2192 10).
769 2130 1224 2179 Perturbationibus
1246 2130 1415 2191 animi,
1439 2145 1570 2193 quae
1590 2131 1821 2193 opinione
1846 2146 1985 2179 com-

299 2201 574 2255 moventur,
600 2211 700 2244 non
727 2205 919 2256 natura,
942 2195 1137 2258 sapiens
1162 2210 1354 2257 semper
1375 2207 1518 2244 vacat
1541 2195 1724 2258 (ibid).
1796 2198 1976 2257 Omne,

299 2260 431 2323 quod
459 2260 718 2310 honestum
747 2260 826 2322 sit,
850 2270 1048 2324 propter
1073 2276 1127 2310 se
1153 2261 1485 2324 expetendum
1514 2275 1636 2319 esse,
1662 2260 1795 2324 quod
1821 2271 1975 2323 turpe,

298 2325 603 2402 fugiendum,
630 2326 861 2374 facillime
882 2326 1188 2386 intellegitur
1207 2340 1276 2374 ex
1300 2326 1550 2374 communi
1575 2326 1828 2374 bominum
1852 2325 1983 2374 iudi-

299 2391 378 2439 cio
399 2400 450 2440 et
471 2405 634 2455 seusu,
649 2392 738 2468 qui
761 2391 811 2439 in
835 2391 1028 2451 agendo
1050 2399 1254 2453 apparet
1271 2390 1333 2452 (c.
1353 2391 1449 2452 11).
1503 2389 1623 2452 (Hic
1646 2406 1712 2439 ex
1729 2392 1787 2440 Ο·
1775 2391 1984 2439 meionis

298 2461 508 2518 persona
529 2455 688 2504 brevis
712 2456 1034 2518 interponitur
1055 2455 1118 2504 de
1141 2455 1342 2504 nomine
1363 2455 1470 2503 vitii
1492 2454 1777 2516 digressio.)
1842 2456 1985 2504 Inter

300 2521 494 2570 Stoicos
533 2532 583 2570 et
616 2521 971 2584 Peripateticos
1011 2534 1192 2582 rerum,
1219 2535 1318 2568 non
1353 2521 1612 2569 verborum
1650 2521 1986 2569 controversia

300 2592 408 2645 est3
456 2601 574 2635 nam
611 2586 662 2634 in
699 2586 1140 2649 Peripateticorum
1182 2586 1374 2634 ratione
1412 2585 1538 2633 effici
1582 2600 1680 2633 nnn
1720 2594 1898 2648 potest,
1927 2594 1985 2634 ut

301 2651 495 2713 sapiens
533 2665 727 2715 semper
766 2652 939 2699 beatus
982 2652 1079 2710 sit3
1130 2659 1181 2699 et
1217 2665 1388 2699 eorum
1432 2650 1676 2699 sententia
1717 2650 1846 2698 alius
1881 2649 1984 2698 alio

302 2716 492 2765 beatior
517 2725 607 2777 est,
633 2717 787 2766 Stoici
809 2731 1026 2764 crescere
1046 2716 1244 2764 beatam
1267 2716 1419 2764 vitam
1448 2726 1631 2776 negant
1651 2729 1821 2779 posse;
1861 2730 1984 2763 nam

301 2781 464 2830 omnis
489 2781 862 2830 commodorum
883 2782 1113 2837 accessi0,
1138 2795 1267 2843 quae
1293 2782 1357 2829 ad
1380 2781 1613 2829 virtutem
1638 2780 1769 2828 adici
1796 2789 1976 2844 potest,

300 2844 409 2894 eins
442 2846 701 2909 splendore
734 2847 1024 2894 obscuratur
1056 2843 1116 2904 (c.
1150 2848 1223 2905 12,
1249 2847 1324 2907 13,
1348 2846 1459 2894 init.
1485 2845 1583 2906 14).
1661 2846 1820 2894 Recta
1850 2845 1985 2893 actio

303 2922 402 2956 non
425 2911 630 2970 erescit3
668 2911 834 2973 itaque
859 2909 964 2957 vita
986 2910 1132 2958 beata
1154 2909 1308 2957 nihilo
1335 2910 1492 2970 magis
1519 2909 1797 2972 expetenda
1823 2919 1913 2970 est,
1937 2909 1994 2956 si·

302 2971 452 3032 longa
481 2982 574 3035 est,
599 2990 747 3035 quam
780 2974 821 3022 si
851 2973 1010 3021 brevis
1037 2973 1099 3033 (c.
1130 2973 1223 3034 14).
1296 2975 1403 3022 Nec
1433 2974 1560 3022 alius
1590 2974 1687 3023 alio
1716 2973 1984 3037 sapientior

302 3044 392 3096 est,
420 3052 511 3086 nec
542 3040 670 3087 alius
704 3038 802 3086 alio
838 3037 995 3096 magis
1028 3047 1212 3100 peccat.
1285 3038 1380 3086 Sed
1410 3038 1501 3087 etsi
1532 3054 1621 3087 nec
1650 3040 1856 3087 virtutes
1889 3053 1982 3087 nec

303 3100 425 3148 vitia
445 3112 684 3161 crescunt,
704 3112 900 3165 utrumq
908 3116 967 3149 ue
985 3111 1149 3150 tamen
1168 3117 1335 3150 eorum
1354 3102 1576 3151 funditur
1592 3103 1807 3166 quodam
1829 3103 1984 3152 modo

302 3172 355 3213 et
380 3165 615 3215 dilatatur
639 3165 830 3228 (ibid).
901 3166 1116 3215 Divitias
1143 3166 1393 3228 Diogenes
1422 3177 1563 3230 putat
1589 3168 1652 3216 ad
1682 3169 1984 3231 voluptutem
