2259 3467
837 145 973 202 ΠΒ.
1003 153 1072 215 1.,
1099 151 1256 203 CAP.
1284 152 1412 215 111„
1433 153 1531 203 IV.
2002 154 2035 203 7

337 253 464 326 bus,
483 252 751 331 periculis
782 272 896 310 non
925 253 1241 311 deseruisse
1271 252 1415 311 mihi
1445 253 1643 311 videor
1662 253 2030 331 praesidium,

338 334 400 391 in
441 353 556 411 quo
597 354 633 391 a
671 333 891 411 populo
934 333 1200 391 Romano
1241 333 1462 391 locatus
1504 354 1648 405 sum,
1680 333 1863 392 debeo
1904 353 2034 411 pro-

338 415 514 486 fecte,
540 422 1068 492 quantumcumque
1100 432 1357 490 possum,
1387 414 1449 471 in
1482 433 1553 471 eo
1583 433 1813 492 quoque
1846 414 2033 473 elabo-

338 513 478 566 rare,
502 501 570 552 ut
597 495 714 552 sint
742 513 931 571 opera,
952 494 1164 566 studio,
1188 494 1382 551 labore
1409 513 1542 551 mco
1565 494 1853 552 doctiores
1880 495 2033 552 cives

340 575 472 645 mei,
503 593 608 632 nec
645 593 779 632 cum
811 574 938 632 istis
970 580 1137 631 tanto
1176 593 1349 652 opere
1381 593 1656 651 pugnare,
1682 575 1782 652 qui
1815 574 2034 633 Graeca

339 654 526 731 legere
558 654 779 725 malint,
810 654 988 711 modo
1021 653 1219 731 legant
1250 654 1350 711 illa
1381 655 1522 731 ipsa,
1553 673 1625 711 ne
1659 654 1949 725 simulent,
1974 664 2033 714 et

338 735 409 791 iis
453 735 677 806 servire,
704 735 805 812 qui
837 735 925 792 vel
959 735 1218 812 utrisque
1261 734 1468 793 litteris
1507 736 1595 792 uti
1634 734 1812 793 velint
1847 735 1951 807 vel,
1983 735 2032 794 si

336 834 470 873 suas
497 815 727 885 habent,
751 814 877 872 illas
910 813 1035 872 non¹
1057 834 1271 893 magno
1305 834 1477 892 opere
1505 815 1847 873 desiderent.
1936 821 2028 874 11.

335 894 454 963 Qui
482 903 672 953 autem
709 895 820 953 alia
851 896 1076 953 malunt
1109 895 1282 953 scribi
1309 915 1345 953 a
1371 895 1555 967 nobiS,
1580 896 1748 972 aequi
1783 914 1904 954 esse
1937 897 2033 954 de-

338 975 495 1048 bent,
518 976 675 1053 quod
703 983 763 1034 et
790 976 1002 1053 scripta
1028 975 1215 1033 multa
1241 982 1392 1047 sunt,
1417 976 1498 1033 sic
1528 983 1593 1034 ut
1619 975 1785 1053 plura
1812 977 2031 1034 nemini

336 1075 371 1113 e
412 1056 641 1127 nostriS,
678 1063 736 1114 et
778 1056 1097 1113 scribentur
1137 1057 1382 1113 fortasse
1424 1056 1605 1133 plura,
1642 1057 1690 1114 si
1733 1058 1854 1115 vita
1902 1077 2032 1134 sup-

337 1143 532 1213 petet3
583 1144 642 1194 et
682 1144 892 1208 tamen,
926 1137 1026 1214 qui
1067 1136 1376 1213 diligenter
1414 1136 1571 1209 haec,
1605 1156 1749 1215 quae
1792 1138 1864 1195 de
1905 1138 2032 1214 phi-

336 1216 603 1294 losophia
630 1216 834 1275 litteris
868 1216 1226 1289 mandamus„
1251 1217 1437 1294 legere
1471 1218 1793 1284 assveverit‚
1817 1218 2032 1275 iudica-

336 1297 425 1356 bit
465 1298 623 1355 nulla
663 1298 737 1355 ad
771 1297 1077 1373 legendum
1121 1298 1215 1355 his
1256 1316 1378 1355 esse
1418 1298 1661 1374 potiora.
1749 1298 1905 1367 Quid
1943 1305 2030 1356 est

332 1378 492 1435 enim
541 1379 601 1436 in
644 1379 765 1435 vita
810 1385 977 1435 tanto
1024 1397 1199 1456 opere
1242 1378 1630 1455 quaerendum
1674 1397 1845 1456 quam
1896 1398 2028 1436 cum

334 1459 532 1515 omnia
562 1459 620 1516 in
649 1458 1035 1536 philosophia,
1059 1466 1186 1516 tum
1215 1459 1295 1530 id,
1322 1458 1477 1536 quod
1507 1458 1597 1515 his
1624 1458 1785 1516 libris
1814 1458 2030 1536 quaeri-

334 1544 445 1611 tur,
473 1539 569 1616 qui
606 1539 682 1595 sit
713 1537 861 1611 finis,
887 1539 1028 1615 quid
1064 1547 1403 1609 extremum,
1430 1538 1569 1616 quid
1600 1539 1886 1611 ult-imum,
1913 1558 2028 1616 quo
2079 1613 2084 1618 .
2129 1587 2134 1591 .

334 1619 454 1675 sint
494 1619 691 1675 omnia
729 1618 876 1675 bene
916 1618 1150 1676 vivendi
1189 1626 1457 1696 recteque
1498 1618 1749 1676 faciendi
1792 1620 2030 1677 consilia

335 1697 653 1768 referenda,
686 1698 827 1773 quid
860 1704 1130 1774 sequatur
1170 1705 1376 1754 natura
1414 1704 1478 1754 ut
1511 1717 1802 1755 summum
1840 1718 1910 1756 ex
1948 1719 2030 1757 re—

335 1777 445 1835 bus
479 1777 832 1853 expetendis„
858 1777 1000 1854 quid
1032 1776 1224 1853 fugiat
1258 1783 1323 1834 ut
1356 1785 1675 1834 extremum
1710 1777 1992 1836 malorum‘
2009 1780 2029 1836 2

336 1856 466 1926 Qua
488 1856 560 1914 de
588 1876 648 1916 re
670 1876 799 1914 cum
825 1858 901 1915 sit
920 1856 1071 1914 inter
1092 1857 1459 1915 doctissimos
1486 1861 1709 1915 summa
1730 1859 2023 1930 dissensiO,

337 1938 466 2015 quis
507 1937 759 1995 alienum
801 1944 969 2015 putet
1001 1938 1123 1995 eius
1166 1957 1288 1996 esse
1323 1937 1641 2014 dignitatis,
1675 1958 1846 2016 quam
1881 1939 2026 1997 mihi

333 2018 579 2096 quisque
601 2018 833 2089 tribuat,
856 2017 997 2095 quid
1026 2018 1085 2074 in
1109 2018 1272 2075 omni
1300 2035 1535 2075 munere
1557 2019 1708 2077 vitae
1737 2020 2025 2098 optimum

333 2106 394 2156 et
441 2099 799 2157 verissimum
848 2098 940 2171 sit,
976 2098 1313 2176 exquirere?
1398 2103 1489 2156 12.
1534 2098 1649 2171 An,
1684 2107 1883 2177 partus
1931 2121 2028 2158 an-

333 2178 496 2237 cillae
531 2179 680 2236 sitne
707 2179 766 2235 in
796 2179 992 2236 fructu
1019 2178 1334 2249 habenduS‚
1361 2178 1670 2237 disseretur
1697 2182 1847 2239 inter
1874 2182 2027 2257 prin-

333 2260 492 2337 cipes
533 2259 799 2329 civitatiS‚
822 2259 889 2317 P.
916 2258 1249 2317 Scaevolam
1289 2259 1663 2336 Maniumque
1702 2261 2022 2333 Manilium,

336 2339 408 2398 ab
442 2340 624 2417 iisque
658 2339 735 2397 M.
761 2339 979 2398 Brutus
1012 2340 1312 2397 dissentiet
1348 2334 1532 2417 (quod
1566 2348 1624 2398 et
1661 2348 1891 2399 acutum
1931 2361 2026 2419 ge-

240 2469 249 2478 .
335 2439 445 2477 nus
486 2427 574 2478 est
614 2427 674 2477 et
721 2419 796 2477 ad
835 2440 973 2477 usus
1021 2421 1235 2478 civium
1277 2440 1394 2478 non
1436 2419 1657 2493 inutile,
1689 2441 1909 2500 nosque
1959 2441 2026 2479 ea

336 2500 551 2577 scripta
581 2499 910 2577 reliquaque
945 2499 1199 2558 eiusdem
1228 2500 1454 2577 generis
1481 2507 1541 2558 et
1569 2500 1814 2579 legimus
1848 2501 2025 2559 liben-

337 2588 426 2638 ter
457 2588 516 2638 et
541 2580 841 2657 legemus),
867 2580 1022 2653 haec,
1048 2599 1192 2657 quae
1224 2581 1401 2638 vitam
1436 2600 1667 2639 omnem
1704 2584 2019 2653 continent,

338 2661 750 2739 neglegentur?
844 2660 1012 2733 Nam,
1050 2668 1117 2719 ut
1159 2660 1275 2718 sint
1318 2661 1413 2718 illa
1452 2661 1845 2732 vendibiliora,
1882 2661 2021 2719 haec

340 2742 601 2800 uberiora
640 2750 790 2800 certe
831 2750 979 2799 sunt.
1063 2740 1429 2818 Quamquam
1462 2741 1525 2798 id
1560 2741 1790 2819 quidem
1826 2741 2022 2799 licebit

340 2823 412 2880 iis
438 2823 777 2894 existimare,
799 2822 897 2899 qui
921 2822 1178 2898 legerint.
1245 2821 1368 2879 Nos
1397 2827 1587 2878 autem
1614 2821 1759 2878 hanc
1789 2841 2016 2879 omnem

342 2904 730 2981 quaestionem
765 2902 836 2960 de
869 2902 1080 2960 finibus
1113 2901 1398 2959 bonorum
1433 2907 1491 2958 et
1523 2901 1803 2959 malorum
1838 2902 1958 2959 fere
1986 2921 2021 2959 a

340 2984 508 3041 nobis
540 2984 877 3062 explicatam
908 3002 1028 3040 esse
1054 2982 1148 3040 his
1179 2982 1386 3039 litteris
1420 2981 1776 3051 arbitramur,
1807 2982 1867 3037 in
1899 2982 2020 3058 qui-

340 3063 463 3135 buS,
495 3072 772 3142 quantum
805 3064 1117 3140 potuimuS,
1149 3082 1268 3119 non
1305 3061 1482 3118 modo
1519 3062 1659 3138 quid
1691 3061 1859 3118 nobis
1891 3080 2020 3137 pro-

339 3142 582 3212 baretur,
607 3145 706 3202 sed
735 3145 909 3202 etiam
933 3143 1072 3220 quid
1101 3162 1135 3200 a
1163 3142 1403 3218 singulis
1430 3140 1830 3218 philosophiae
1853 3139 2018 3197 disci-

340 3224 512 3302 plinis
539 3226 837 3298 diceretur,
861 3223 1145 3302 persecuti
1173 3240 1385 3279 sumus,
