2259 3467
230 76 235 82 ’
274 103 372 166 136.
434 100 538 150 DE
568 99 861 151 Fimssus
894 98 1247 150 nouorum
1282 98 1374 148 ET
1406 82 1789 148 MALORUM.

272 204 669 264 monumentis
721 203 936 261 nostris
989 201 1309 261 addidisses
1327 199 1378 261 !”
1461 200 1549 259 Ea
1603 220 1735 259 cum
1790 200 1967 259 dixis·-

275 294 420 356 sent,
457 283 598 362 quid
644 284 880 341 tandem
929 281 1141 340 talibus
1189 282 1325 339 viris
1371 281 1783 359 responderes?
1865 288 1963 339 62.

275 364 561 442 Rogarem
596 370 673 434 te,
704 363 910 440 inquit,
941 368 1008 419 ut
1040 362 1259 419 diceres
1291 380 1397 439 pro
1430 380 1526 419 me
1558 368 1621 419 tu
1657 361 1832 433 idem,
1863 362 1966 438 qui

275 444 390 503 illis
436 444 756 503 orationem
807 442 1156 513 dictavisseS‚
1192 441 1279 500 vel
1328 441 1527 519 potius
1565 441 1802 518 paulum
1851 440 1967 499 loci

277 525 440 596 mibi,
465 532 530 582 ut
551 524 621 581 iis
644 522 1064 600 responderem,
1089 521 1270 592 dares,
1292 521 1405 578 nisi
1426 529 1486 579 et
1512 528 1571 579 te
1592 522 1790 579 audire
1811 540 1967 579 nunc

280 604 505 662 mallem
539 611 600 661 et
632 603 759 660 istis
791 610 984 660 tamen
1018 601 1132 659 alio
1174 609 1436 678 tempore
1469 620 1845 678 responsurus
1884 621 1969 660 es-

277 703 416 753 sem,
438 692 566 740 tum
596 682 828 753 scilicet,
852 701 982 738 cum
1013 681 1141 739 tibi.

357 761 590 821 XXIII.
634 762 848 839 Atque,
880 762 928 818 si
963 780 1159 818 verum
1201 760 1545 838 respondere
1578 760 1768 831 velles,
1798 760 1967 833 Cato,

280 844 418 902 baec
446 849 609 902 erant
635 841 894 913 dicenda,
920 860 1034 898 non
1065 860 1166 898 eos
1192 841 1301 898 tibi
1330 860 1447 898 non
1477 840 1766 918 probatos,
1789 842 1971 899 tantis

280 923 527 1001 ingeniis
561 922 824 980 homines
856 929 1130 998 tantaque
1165 921 1521 992 auctoritate,
1553 921 1654 978 sed
1695 930 1756 978 te
1788 922 1970 978 anim-

279 1004 603 1074 advertisse,
635 1022 777 1079 quas
809 1021 898 1058 res
930 1000 1015 1058 illi
1056 1008 1293 1077 propter
1324 1000 1727 1077 antiquitatem
1763 1020 1970 1078 parum

280 1084 574 1154 vidissent,
598 1101 693 1139 eas
721 1102 755 1139 a
781 1081 992 1138 Stoicis
1020 1099 1141 1138 esse
1170 1089 1512 1157 perspectas,
1536 1081 1870 1158 eisdemque
1896 1081 1972 1139 de

280 1163 449 1221 rebus
481 1162 589 1219 hos
621 1181 750 1219 cum
787 1161 1011 1218 acutius
1042 1161 1390 1232 disseruisse,
1413 1168 1538 1218 tum
1574 1162 1815 1219 sensisse
1846 1180 1974 1238 gra-

280 1243 408 1300 vius
439 1249 500 1299 et
532 1242 761 1310 fortiuS,
785 1241 1001 1318 quippe
1036 1241 1135 1317 qui
1169 1241 1419 1318 primum
1451 1240 1836 1299 valetudinem
1872 1241 1975 1299 bo-

283 1341 414 1379 nam
449 1321 826 1398 expetendam
858 1328 1073 1397 negent
1105 1339 1245 1392 esse,
1270 1320 1591 1397 eligendam
1627 1321 1840 1392 dicant,
1864 1340 1975 1379 nec

283 1402 417 1480 quia
450 1400 667 1459 bonum
703 1401 779 1458 sit
812 1400 1012 1472 valere,
1042 1400 1144 1459 sed
1186 1402 1323 1478 quia
1354 1401 1430 1458 sit
1469 1401 1774 1458 nonnihilo
1806 1401 1978 1459 aesti-

281 1482 596 1553 mandum;
639 1476 851 1558 (neque
871 1487 1062 1538 tamen
1094 1479 1274 1557 pluris
1304 1481 1415 1537 illis
1437 1481 1677 1552 videtur,
1699 1481 1799 1558 qui
1827 1481 1976 1540 illud

284 1581 402 1620 non
434 1562 705 1619 dubitant
739 1561 956 1618 bonum
990 1560 1179 1618 dicere
1194 1558 1237 1638 ς)
1272 1560 1384 1618 hoc
1413 1579 1546 1618 vero
1579 1568 1637 1619 te
1671 1561 1820 1619 ferre
1852 1580 1975 1628 non

284 1642 558 1719 potuisse,
590 1641 747 1718 quod
780 1640 1004 1718 antiqui
1045 1640 1129 1698 illi
1165 1641 1328 1718 quasi
1367 1639 1589 1698 barbati
1625 1637 1718 1715 (ut
1758 1659 1865 1698 nos
1897 1641 1975 1699 de

284 1722 496 1780 nostris
523 1722 772 1779 solemus
805 1718 1018 1798 dicere)
1049 1720 1414 1790 crediderint,
1436 1720 1575 1792 eius,
1599 1721 1699 1798 qui
1732 1720 1979 1778 honeste

283 1802 517 1873 viveret,
541 1801 590 1858 si
621 1801 776 1859 idem
805 1801 980 1858 etiam
1016 1800 1162 1857 bene
1189 1800 1416 1872 valeret,
1439 1799 1583 1858 bene
1616 1800 1859 1880 audiret,
1883 1820 1979 1858 co-

283 1880 481 1957 piosus
508 1888 673 1952 esset,
695 1880 1094 1958 optabiliorem
1126 1880 1254 1938 fore
1276 1880 1452 1938 vitam
1475 1879 1889 1958 melioremque
1918 1888 1981 1939 et

284 1961 469 2035 magis
498 1960 878 2037 expetendam
912 1979 1082 2037 quam
1114 1959 1285 2030 illius,
1310 1960 1426 2037 qui,
1450 1979 1630 2037 aeque
1660 1961 1745 2018 vir
1771 1959 1981 2033 bonna,

282 2041 486 2098 multis
519 2041 704 2097 modis
731 2048 896 2112 essct,
920 2047 984 2097 ut
1011 2040 1188 2097 Ennii
1216 2039 1512 2111 Alcmae0,

549 2163 919 2213 circumventus
947 2164 1141 2226 morbo,
1160 2163 1314 2213 exilio
1340 2173 1490 2228 atque
1515 2163 1700 2228 inopia.

286 2279 378 2333 63.
423 2272 517 2332 Illi
558 2273 738 2352 igitur
777 2275 1001 2353 antiqui
1045 2294 1161 2333 non
1205 2282 1325 2332 tam
1368 2282 1533 2333 acute
1575 2274 1982 2351 optabiliorem

282 2355 441 2414 illam
461 2354 635 2412 vitam
657 2363 882 2431 putant,
902 2355 1396 2433 praestantiorem,
1412 2354 1723 2414 beatiorem
1746 2373 1760 2426 3
1796 2355 1985 2413 Stoici

285 2442 476 2494 autem
507 2435 916 2493 tantummodo
940 2435 1407 2513 praeponendam
1437 2435 1497 2491 in
1527 2434 1838 2510 seligendO,
1860 2454 1982 2493 non

286 2536 402 2593 quo
431 2514 653 2573 beatior
680 2534 748 2573 ea
775 2515 894 2574 vita
923 2516 1014 2585 sit,
1035 2515 1137 2573 sed
1173 2515 1332 2593 quod
1364 2514 1439 2572 ad
1468 2522 1728 2572 naturam
1760 2533 1988 2572 accom-

287 2595 608 2667 modatior3
651 2602 727 2668 et,
753 2595 852 2673 qui
895 2596 1182 2672 sapientes
1228 2615 1343 2652 non
1392 2595 1528 2665 sint,
1561 2613 1762 2652 omnes
1802 2613 1985 2672 aeque

287 2676 526 2740 miseros
553 2694 691 2753 esse.
777 2675 961 2733 Stoici
990 2674 1100 2733 hoc
1125 2674 1392 2733 videlicet
1422 2674 1705 2745 viderunt,
1728 2673 1859 2731 illos
1887 2694 1988 2732 au-

286 2763 405 2812 tem
435 2755 498 2812 id
524 2755 755 2832 fugerat
782 2755 1117 2832 superiores,
1143 2755 1409 2813 homines
1437 2754 1744 2813 sceleribus
1772 2761 1830 2813 et
1859 2774 1989 2831 par-

287 2833 505 2891 ricidiis
538 2834 871 2911 inquinatos
904 2834 1087 2891 nihilo
1129 2835 1454 2892 miseriores
1496 2854 1618 2892 esse
1653 2853 1824 2911 quam
1862 2854 1981 2906 eos,

289 2913 405 2989 qui,
430 2931 562 2970 cum
605 2923 758 2971 caste
799 2922 858 2971 et
899 2914 1121 2989 integre
1157 2914 1428 2984 viverent,
1460 2914 1719 2972 nondum
1765 2914 1987 2992 perfec-

287 2997 407 3047 tam
443 2989 598 3047 illam
634 2993 974 3067 sapientiam
1018 3000 1208 3049 essent
1248 2995 1558 3051 consecuti.
1645 2999 1739 3053 64.
1786 2995 1988 3072 Atque

289 3067 399 3125 hoc
428 3067 557 3126 loco
591 3070 995 3128 similitudines
1028 3090 1140 3143 eaS,
1166 3072 1374 3149 quibus
1407 3072 1489 3130 illi
1524 3074 1611 3131 uti
1642 3074 1846 3144 solent,
1874 3075 1989 3132 dis-

290 3145 611 3204 simillimas
639 3150 982 3223 proferebas
1067 3150 1212 3221 Quis
1245 3153 1399 3209 enim
1436 3153 1682 3229 ignorat,
1714 3155 1762 3211 si
1791 3155 1991 3231 plures
