2259 3467
737 498 978 564 LIBER
1025 498 1426 575 QUARTUS.

724 745 1433 799 ARGUMENTUM.

304 849 456 899 Initio
490 848 603 898 libri
631 843 823 910 Cicero,
847 855 905 896 ut
937 846 1184 908 ostendat,
1205 846 1393 896 nullam
1421 860 1624 897 eausam
1656 846 1808 898 fuisse
1834 847 1930 897 Ze-

238 915 373 976 noni,
395 930 485 963 cur
509 931 542 962 a
567 914 810 963 veteribus
842 912 1163 962 Academicis
1188 920 1240 962 et
1272 912 1617 975 Peripateticis
1650 912 1930 962 desciscens

240 995 423 1029 novam
455 977 764 1043 disciplinam
802 978 1051 1044 cond-eret,
1075 978 1296 1041 exponit,
1320 977 1573 1041 quomodo
1608 976 1680 1026 illi
1707 977 1927 1041 philoso-

241 1045 408 1108 phiam
431 1045 754 1094 constitutam
778 1043 1053 1104 habuerint,
1073 1058 1103 1091 e
1124 1043 1265 1092 cuius
1288 1044 1443 1091 tribus
1465 1042 1686 1107 partibus
1708 1043 1929 1093 ethicam

239 1111 452 1173 primum
480 1110 650 1159 differt
672 1108 738 1168 (c.
761 1107 834 1171 2),
855 1117 1051 1157 tantum
1079 1108 1267 1170 dicens,
1288 1108 1453 1157 locum
1482 1108 1547 1156 de
1573 1122 1627 1157 re
1652 1107 1850 1171 publica
1875 1117 1930 1159 et

239 1175 535 1225 rhetoricam
570 1191 602 1223 a
634 1174 836 1223 Zenone
871 1172 1099 1235 neglecta
1136 1188 1260 1234 esse,
1282 1187 1411 1237 quae
1445 1172 1518 1221 illi
1552 1172 1931 1234 diligentissime

238 1240 549 1291 excoluerint
570 1239 633 1302 (e.
650 1239 721 1300 3).
794 1239 902 1288 Nee
925 1239 978 1287 in
1003 1238 1277 1288 dialecticis
1299 1248 1488 1288 veteres
1505 1254 1537 1287 a
1559 1238 1738 1288 Stoicis
1759 1239 1891 1288 vinci
1907 1258 1928 1301 ς

237 1306 357 1369 quin
404 1315 562 1354 artem
601 1315 1010 1366 argumentorum
1057 1302 1463 1353 inveniendorum
1502 1302 1566 1352 ab
1608 1302 1685 1352 his
1728 1318 1929 1367 prorsus

237 1372 474 1419 omissam
502 1385 609 1419 esse
633 1372 704 1431 (c.
726 1370 796 1431 4).
868 1368 1086 1432 Physica
1113 1368 1308 1418 illorum
1338 1369 1531 1418 Stoicos
1557 1367 1658 1418 fere
1685 1369 1734 1418 in
1765 1370 1929 1417 maxi-

235 1437 332 1485 mis
358 1437 503 1486 rebus
530 1435 791 1484 retinuisse
816 1444 868 1485 et
894 1435 1058 1483 minus
1085 1434 1284 1497 copiose
1309 1449 1418 1483 esse
1449 1443 1733 1497 persecutos
1754 1433 1827 1496 (c.
1848 1437 1921 1495 5).

236 1503 501 1554 Summum
545 1510 713 1550 autem
752 1500 954 1559 bonum,
979 1499 1115 1563 quod
1151 1500 1404 1549 contineat
1437 1498 1813 1562 philosophiam,
1844 1515 1929 1549 ve-

237 1577 382 1628 teres»,
397 1567 683 1631 planissime
703 1565 1042 1625 Polemonem,
1061 1563 1251 1613 dixisse
1270 1579 1377 1614 esse
1399 1564 1671 1614 secundum
1698 1574 1929 1614 naturam

235 1633 429 1693 vivere3
469 1633 600 1697 quod
635 1646 748 1681 cum
779 1631 940 1679 varias
977 1630 1184 1679 haberet
1219 1630 1661 1693 interpretationes,
1689 1628 1786 1678 illis
1812 1631 1928 1680 eam

234 1698 489 1762 placuisse,
513 1705 566 1746 ut
599 1705 729 1747 esset
766 1695 997 1745 omnibus
1033 1705 1122 1744 aut
1157 1695 1392 1745 maximis
1427 1695 1573 1744 rebus
1602 1695 1678 1754 iis,
1698 1710 1824 1759 quae
1852 1711 1928 1745 se-

235 1764 457 1813 cundum
502 1773 731 1812 naturam
779 1770 962 1822 esseut,
1003 1760 1252 1810 fruentem
1300 1761 1478 1820 vivere,
1515 1774 1731 1824 eumque
1775 1760 1930 1810 fuisse

235 1829 532 1880 Xenocratis
556 1840 606 1878 et
631 1827 914 1877 Aristotelis
942 1827 1097 1875 finem
1130 1828 1195 1888 (c.
1216 1827 1287 1888 6).
1361 1824 1492 1875 Cum
1520 1827 1656 1874 enim
1684 1826 1835 1875 homo
1860 1841 1929 1876 ex

235 1898 404 1945 animo
426 1906 476 1946 et
499 1909 702 1957 corpore
726 1902 989 1953 constaret,
1013 1900 1064 1941 et
1087 1892 1247 1941 animi
1269 1900 1321 1941 et
1341 1890 1559 1954 corporis
1583 1891 1822 1950 rationem
1842 1906 1929 1941 eos

237 1962 478 2020 habuisse,
500 1960 588 2009 sed
621 1960 706 2018 ita,
730 1968 788 2008 ut
821 1959 1043 2007 animum
1081 1957 1279 2008 infinita
1308 1956 1525 2020 quadam
1557 1956 1704 2006 laude
1732 1958 1929 2020 corpori

235 2037 620 2091 praeponerent3
659 2024 813 2072 animi
854 2019 1023 2089 autem
1058 2023 1193 2071 bona
1226 2023 1430 2071 virtutes
1456 2036 1580 2082 esse,
1608 2037 1816 2085 quarum
1851 2037 1927 2071 se·

237 2092 374 2140 mina
411 2106 443 2139 a
480 2100 658 2139 natura
696 2089 815 2138 data
858 2098 1023 2138 essent
1062 2089 1130 2151 (c.
1153 2088 1225 2149 7).
1298 2088 1475 2150 Itaque
1513 2088 1768 2137 Zenonem
1801 2086 1928 2135 nihil

236 2156 459 2205 attulisse
481 2155 594 2203 novi
609 2155 705 2203 nisi
729 2155 899 2203 inania
927 2154 1174 2218 quaedam
1190 2153 1447 2203 verborum
1464 2152 1750 2202 discrimina
1763 2152 1835 2212 (c.
1855 2152 1926 2212 8),

237 2222 416 2284 quibus
454 2221 508 2269 in
548 2221 733 2281 urbem,
757 2220 810 2268 in
859 2220 1040 2280 forum,
1063 2219 1116 2268 in
1159 2218 1349 2267 curiam
1390 2217 1553 2267 aditus
1591 2233 1691 2267 non
1725 2217 1820 2280 sit3
1858 2217 1928 2266 ibi

236 2288 368 2349 ipsos
395 2286 587 2335 Stoicos
613 2286 865 2334 communi
906 2300 1045 2335 more
1071 2284 1208 2348 loqui
1231 2285 1300 2346 (c.
1320 2283 1396 2346 9).
1465 2284 1579 2332 Iam
1611 2283 1788 2333 Cicero
1814 2296 1928 2345 pro-

236 2353 348 2415 pius
371 2350 435 2400 ad
459 2366 534 2413 ea,
555 2365 691 2415 quae
706 2366 738 2399 a
758 2345 950 2401 Catone
974 2350 1109 2399 dicta
1130 2359 1290 2410 erant,
1313 2346 1547 2398 accedere
1569 2357 1791 2409 conatur,
1810 2348 1922 2408 illis,

238 2433 366 2481 quae
399 2416 683 2466 communia
721 2415 899 2465 Stoicis
939 2424 1056 2464 sunt
1090 2430 1203 2464 cum
1241 2415 1473 2478 antiquis,
1504 2415 1647 2477 quasi
1681 2413 1927 2463 concessis

240 2480 401 2532 utenS.v
471 2482 721 2544 Quoniam
758 2482 908 2542 igitur
944 2480 1074 2529 hanc
1119 2479 1332 2543 primam
1369 2480 1640 2529 habeamus
1677 2494 1710 2527 a
1748 2487 1928 2538 natura

237 2548 608 2611 appetitionem,
627 2556 689 2607 ,ut
711 2556 905 2595 nosmet
934 2546 1065 2608 ipsos
1091 2559 1453 2602 conservemus,
1471 2559 1536 2593 ex
1562 2545 1731 2592 animo
1757 2552 1924 2592 autem

238 2625 288 2662 et.
314 2628 518 2677 corpore
547 2621 848 2669 constemus,
870 2626 937 2660 ex
972 2611 1050 2659 his
1077 2625 1167 2658 nos
1194 2619 1420 2674 oportere
1454 2610 1527 2658 ait
1555 2609 1705 2658 finem
1742 2607 1927 2657 summi

241 2678 356 2727 boni
385 2678 699 2738 constituere,
722 2686 777 2725 ut
807 2677 873 2725 sit
891 2691 1076 2734 eorum,
1098 2690 1228 2738 quae
1254 2675 1355 2723 sint
1381 2673 1650 2724 secundum
1683 2683 1925 2731 naturam,

238 2758 388 2805 quam
413 2743 627 2806 plurima
648 2751 700 2792 et
721 2757 870 2805 quam
896 2742 1120 2789 maxima
1147 2739 1353 2803 adipisci
1375 2739 1443 2800 (c.
1466 2738 1572 2803 10).
1642 2738 1835 2788 Stoicos
1861 2737 1927 2786 ab

237 2807 417 2856 iisdem
441 2808 595 2856 initiis
620 2808 867 2870 profectos
895 2821 1074 2867 corpus
1105 2816 1158 2855 et
1190 2815 1401 2854 externa
1436 2804 1702 2853 commoda
1729 2804 1927 2852 deseru-

237 2872 349 2930 isse,
371 2887 486 2920 cum
511 2881 677 2920 tamen
705 2871 855 2919 homo
878 2870 944 2919 sit
969 2868 1155 2917 animal
1181 2869 1349 2917 animo
1377 2869 1640 2930 excellens,
1666 2883 1769 2916 non
1793 2867 1928 2916 solus

237 2934 436 2982 animus
457 2936 520 2996 (c.
542 2934 647 2995 11).
706 2935 816 2984 Nec
837 2949 1040 2996 prorsus
1062 2933 1315 2981 obscurari
1340 2933 1424 2981 illa
1445 2943 1670 2993 externa,
1694 2941 1749 2981 ut
1770 2932 1927 2982 Stoici

238 2998 424 3057 dicant,
447 3005 540 3046 etsi
565 3013 664 3047 non
693 3013 931 3058 magnum
960 3006 1272 3046 momentum
1302 2997 1503 3059 faciant,
1526 3009 1592 3059 et,
1614 2998 1810 3047 etiamsi
1838 2998 1927 3046 ob·
2005 3021 2008 3024 ·

239 3069 512 3120 scurentur,
539 3077 647 3110 esse
691 3071 859 3111 tamen
904 3062 956 3109 in
1001 3077 1200 3110 summa
1233 3062 1306 3122 (c.
1335 3061 1429 3125 12).
1501 3063 1635 3112 Nam
1675 3077 1926 3111 summam

238 3124 457 3185 aliquam
495 3125 775 3173 faciendam
808 3140 917 3174 esse
953 3127 1200 3186 omnium,
1222 3141 1350 3189 quae
1387 3127 1659 3176 secundum
1695 3136 1925 3175 naturam

239 3186 355 3236 siut.
428 3188 694 3239 Praeterea
715 3190 938 3239 omnium
962 3199 1254 3240 naturarum
1278 3206 1532 3243 summum
1556 3192 1741 3243 bonum
1762 3191 1926 3243 similo
