<?xml version="1.0" encoding="UTF-8"?>
<!DOCTYPE html PUBLIC "-//W3C//DTD XHTML 1.0 Transitional//EN"
    "http://www.w3.org/TR/xhtml1/DTD/xhtml1-transitional.dtd">
<html xmlns="http://www.w3.org/1999/xhtml" xml:lang="en" lang="en">
 <head>
  <title>
</title>
<meta http-equiv="Content-Type" content="text/html;charset=utf-8" />
  <meta name='ocr-system' content='tesseract 3.04.00' />
  <meta name='ocr-capabilities' content='ocr_page ocr_carea ocr_par ocr_line ocrx_word'/>
</head>
<body>
  <div class='ocr_page' id='page_1' title='image "./definibusbonoru05cicegoog_0117.png"; bbox 0 0 2259 3467; ppageno 0'>
   <div class='ocr_carea' id='block_1_1' title="bbox 762 105 2037 170">
    <p class='ocr_par' dir='ltr' id='par_1_1' title="bbox 762 105 2037 170">
     <span class='ocr_line' id='line_1_1' title="bbox 762 105 2037 170; baseline 0.001 -14"><span class='ocrx_word' id='word_1_1' title='bbox 762 105 903 158; x_wconf 72' lang='grc' dir='ltr'>ΠΒ.</span> <span class='ocrx_word' id='word_1_2' title='bbox 933 108 1054 170; x_wconf 68' lang='lat'>111„</span> <span class='ocrx_word' id='word_1_3' title='bbox 1081 106 1241 158; x_wconf 82' lang='lat' dir='ltr'><strong>CAP.</strong></span> <span class='ocrx_word' id='word_1_4' title='bbox 1268 107 1412 168; x_wconf 70' lang='lat' dir='ltr'>xx„</span> <span class='ocrx_word' id='word_1_5' title='bbox 1440 106 1591 156; x_wconf 81' lang='lat' dir='ltr'>XXI.</span> <span class='ocrx_word' id='word_1_6' title='bbox 1939 107 2037 157; x_wconf 79' lang='lat'>107</span> 
     </span>
    </p>
   </div>
   <div class='ocr_carea' id='block_1_2' title="bbox 337 210 2038 2929">
    <p class='ocr_par' dir='ltr' id='par_1_2' title="bbox 339 210 2038 590">
     <span class='ocr_line' id='line_1_2' title="bbox 341 210 2037 289; baseline -0.001 -18"><span class='ocrx_word' id='word_1_7' title='bbox 341 212 434 271; x_wconf 91' lang='lat' dir='ltr'>Ne</span> <span class='ocrx_word' id='word_1_8' title='bbox 477 230 701 270; x_wconf 88' lang='lat' dir='ltr'>amores</span> <span class='ocrx_word' id='word_1_9' title='bbox 741 211 977 289; x_wconf 86' lang='lat' dir='ltr'>quidem</span> <span class='ocrx_word' id='word_1_10' title='bbox 1019 217 1250 269; x_wconf 93' lang='lat' dir='ltr'>sanctos</span> <span class='ocrx_word' id='word_1_11' title='bbox 1290 230 1326 268; x_wconf 88' lang='lat' dir='ltr'>a</span> <span class='ocrx_word' id='word_1_12' title='bbox 1365 210 1623 288; x_wconf 84' lang='lat' dir='ltr'>sapiente</span> <span class='ocrx_word' id='word_1_13' title='bbox 1664 210 1883 268; x_wconf 87' lang='lat' dir='ltr'>alienos</span> <span class='ocrx_word' id='word_1_14' title='bbox 1914 230 2037 269; x_wconf 88' lang='lat' dir='ltr'>esse</span> 
     </span>
     <span class='ocr_line' id='line_1_3' title="bbox 340 291 2038 368; baseline -0.001 -17"><span class='ocrx_word' id='word_1_15' title='bbox 340 292 708 351; x_wconf 78' lang='lat' dir='ltr'><strong>arbitrantur.</strong></span> <span class='ocrx_word' id='word_1_16' title='bbox 793 291 1147 367; x_wconf 83' lang='lat' dir='ltr'>Cynicorum</span> <span class='ocrx_word' id='word_1_17' title='bbox 1190 297 1382 348; x_wconf 88' lang='lat' dir='ltr'>autem</span> <span class='ocrx_word' id='word_1_18' title='bbox 1426 291 1708 348; x_wconf 89' lang='lat' dir='ltr'>rationem</span> <span class='ocrx_word' id='word_1_19' title='bbox 1751 297 1924 368; x_wconf 87' lang='lat' dir='ltr'>atque</span> <span class='ocrx_word' id='word_1_20' title='bbox 1957 291 2038 349; x_wconf 86' lang='lat' dir='ltr'>vi-</span> 
     </span>
     <span class='ocr_line' id='line_1_4' title="bbox 340 370 2037 449; baseline -0.001 -19"><span class='ocrx_word' id='word_1_21' title='bbox 340 381 463 431; x_wconf 89' lang='lat' dir='ltr'>tam</span> <span class='ocrx_word' id='word_1_22' title='bbox 493 372 591 430; x_wconf 90' lang='lat' dir='ltr'>alii</span> <span class='ocrx_word' id='word_1_23' title='bbox 619 372 867 429; x_wconf 84' lang='lat' dir='ltr'>cadere</span> <span class='ocrx_word' id='word_1_24' title='bbox 846 391 912 428; x_wconf 87' lang='lat' dir='ltr'>m</span> <span class='ocrx_word' id='word_1_25' title='bbox 947 371 1267 448; x_wconf 79' lang='lat' dir='ltr'>sapientem</span> <span class='ocrx_word' id='word_1_26' title='bbox 1300 370 1519 441; x_wconf 88' lang='lat' dir='ltr'>dicunt,</span> <span class='ocrx_word' id='word_1_27' title='bbox 1540 371 1589 428; x_wconf 89' lang='lat' dir='ltr'>si</span> <span class='ocrx_word' id='word_1_28' title='bbox 1623 370 1722 449; x_wconf 92' lang='lat' dir='ltr'>qui</span> <span class='ocrx_word' id='word_1_29' title='bbox 1750 370 2037 429; x_wconf 89' lang='lat' dir='ltr'>eiusmodi</span> 
     </span>
     <span class='ocr_line' id='line_1_5' title="bbox 339 448 2035 523; baseline -0.002 -12"><span class='ocrx_word' id='word_1_30' title='bbox 339 453 497 511; x_wconf 84' lang='lat' dir='ltr'>forte</span> <span class='ocrx_word' id='word_1_31' title='bbox 531 471 694 510; x_wconf 87' lang='lat' dir='ltr'>casus</span> <span class='ocrx_word' id='word_1_32' title='bbox 726 448 1010 523; x_wconf 88' lang='lat' dir='ltr'>inciderit,</span> <span class='ocrx_word' id='word_1_33' title='bbox 1036 457 1101 509; x_wconf 87' lang='lat' dir='ltr'>ut</span> <span class='ocrx_word' id='word_1_34' title='bbox 1142 451 1205 508; x_wconf 87' lang='lat' dir='ltr'>id</span> <span class='ocrx_word' id='word_1_35' title='bbox 1247 450 1581 509; x_wconf 83' lang='lat' dir='ltr'>faciendum</span> <span class='ocrx_word' id='word_1_36' title='bbox 1623 452 1716 523; x_wconf 88' lang='lat' dir='ltr'>sit,</span> <span class='ocrx_word' id='word_1_37' title='bbox 1737 450 1834 509; x_wconf 89' lang='lat' dir='ltr'>alii</span> <span class='ocrx_word' id='word_1_38' title='bbox 1876 451 2035 508; x_wconf 88' lang='lat' dir='ltr'>nullo</span> 
     </span>
     <span class='ocr_line' id='line_1_6' title="bbox 341 532 538 590; baseline 0 0"><span class='ocrx_word' id='word_1_39' title='bbox 341 532 538 590; x_wconf 83' lang='lat' dir='ltr'>mode.</span> 
     </span>
    </p>

    <p class='ocr_par' dir='ltr' id='par_1_3' title="bbox 337 610 2037 2929">
     <span class='ocr_line' id='line_1_7' title="bbox 422 610 2036 670; baseline 0 -1"><span class='ocrx_word' id='word_1_40' title='bbox 422 611 593 670; x_wconf 88' lang='lat' dir='ltr'>XXI.</span> <span class='ocrx_word' id='word_1_41' title='bbox 679 616 774 669; x_wconf 84' lang='lat'>69.</span> <span class='ocrx_word' id='word_1_42' title='bbox 817 610 908 670; x_wconf 89' lang='lat' dir='ltr'>Ut</span> <span class='ocrx_word' id='word_1_43' title='bbox 955 629 1089 669; x_wconf 87' lang='lat' dir='ltr'>vero</span> <span class='ocrx_word' id='word_1_44' title='bbox 1145 617 1514 669; x_wconf 87' lang='lat' dir='ltr'>conservetur</span> <span class='ocrx_word' id='word_1_45' title='bbox 1566 610 1757 668; x_wconf 91' lang='lat' dir='ltr'>omnis</span> <span class='ocrx_word' id='word_1_46' title='bbox 1809 610 2036 669; x_wconf 89' lang='lat' dir='ltr'>homini</span> 
     </span>
     <span class='ocr_line' id='line_1_8' title="bbox 341 690 2037 770; baseline -0.002 -20"><span class='ocrx_word' id='word_1_47' title='bbox 341 711 480 770; x_wconf 85' lang='lat' dir='ltr'>erga</span> <span class='ocrx_word' id='word_1_48' title='bbox 518 691 816 750; x_wconf 89' lang='lat' dir='ltr'>hominem</span> <span class='ocrx_word' id='word_1_49' title='bbox 858 691 1117 761; x_wconf 41' lang='lat' dir='ltr'>societas</span> <span class='ocrx_word' id='word_1_50' title='bbox 1148 690 1500 762; x_wconf 85' lang='lat' dir='ltr'>coniunctiO,</span> <span class='ocrx_word' id='word_1_51' title='bbox 1531 690 1751 760; x_wconf 86' lang='lat' dir='ltr'>caritas,</span> <span class='ocrx_word' id='word_1_52' title='bbox 1781 697 1842 749; x_wconf 88' lang='lat' dir='ltr'>et</span> <span class='ocrx_word' id='word_1_53' title='bbox 1882 710 2037 748; x_wconf 91' lang='lat' dir='ltr'>emo-</span> 
     </span>
     <span class='ocr_line' id='line_1_9' title="bbox 340 767 2034 847; baseline -0.001 -18"><span class='ocrx_word' id='word_1_54' title='bbox 340 772 600 830; x_wconf 91' lang='lat' dir='ltr'>lumenta</span> <span class='ocrx_word' id='word_1_55' title='bbox 619 779 680 830; x_wconf 91' lang='lat' dir='ltr'>et</span> <span class='ocrx_word' id='word_1_56' title='bbox 704 771 1053 829; x_wconf 84' lang='lat' dir='ltr'>detrimenta</span> <span class='ocrx_word' id='word_1_57' title='bbox 1075 767 1247 847; x_wconf 89' lang='lat' dir='ltr'>(quae</span> <span class='ocrx_word' id='word_1_58' title='bbox 1268 772 1604 847; x_wconf 75' lang='grc' dir='ltr'>ὠφελήματα</span> <span class='ocrx_word' id='word_1_59' title='bbox 1632 777 1692 828; x_wconf 88' lang='lat' dir='ltr'>et</span> <span class='ocrx_word' id='word_1_60' title='bbox 1716 768 2034 847; x_wconf 75' lang='grc' dir='ltr'>βλάμματα</span> 
     </span>
     <span class='ocr_line' id='line_1_10' title="bbox 341 850 2036 930; baseline -0.001 -20"><span class='ocrx_word' id='word_1_61' title='bbox 341 850 658 930; x_wconf 88' lang='lat' dir='ltr'>appellant)</span> <span class='ocrx_word' id='word_1_62' title='bbox 695 852 1027 909; x_wconf 90' lang='lat' dir='ltr'>communia</span> <span class='ocrx_word' id='word_1_63' title='bbox 1067 869 1191 909; x_wconf 88' lang='lat' dir='ltr'>esse</span> <span class='ocrx_word' id='word_1_64' title='bbox 1225 851 1545 923; x_wconf 88' lang='lat' dir='ltr'>voluerunt,</span> <span class='ocrx_word' id='word_1_65' title='bbox 1570 869 1813 928; x_wconf 84' lang='lat' dir='ltr'>quorum</span> <span class='ocrx_word' id='word_1_66' title='bbox 1858 851 2036 910; x_wconf 88' lang='lat' dir='ltr'>altera</span> 
     </span>
     <span class='ocr_line' id='line_1_11' title="bbox 340 931 2032 1009; baseline 0 -20"><span class='ocrx_word' id='word_1_67' title='bbox 340 939 603 1009; x_wconf 84' lang='lat' dir='ltr'>prosunt,</span> <span class='ocrx_word' id='word_1_68' title='bbox 627 938 841 989; x_wconf 78' lang='lat' dir='ltr'>nocent</span> <span class='ocrx_word' id='word_1_69' title='bbox 873 931 1083 1003; x_wconf 82' lang='lat' dir='ltr'>altera3</span> <span class='ocrx_word' id='word_1_70' title='bbox 1127 950 1315 1009; x_wconf 87' lang='lat' dir='ltr'>neque</span> <span class='ocrx_word' id='word_1_71' title='bbox 1356 931 1544 989; x_wconf 90' lang='lat' dir='ltr'>solum</span> <span class='ocrx_word' id='word_1_72' title='bbox 1585 950 1653 989; x_wconf 85' lang='lat' dir='ltr'>ea</span> <span class='ocrx_word' id='word_1_73' title='bbox 1684 932 2032 1003; x_wconf 85' lang='lat' dir='ltr'>eommunia,</span> 
     </span>
     <span class='ocr_line' id='line_1_12' title="bbox 341 1010 2036 1088; baseline 0.001 -20"><span class='ocrx_word' id='word_1_74' title='bbox 341 1031 541 1069; x_wconf 87' lang='lat' dir='ltr'>verum</span> <span class='ocrx_word' id='word_1_75' title='bbox 575 1012 750 1069; x_wconf 87' lang='lat' dir='ltr'>etiam</span> <span class='ocrx_word' id='word_1_76' title='bbox 793 1011 953 1088; x_wconf 89' lang='lat' dir='ltr'>paria</span> <span class='ocrx_word' id='word_1_77' title='bbox 985 1030 1107 1069; x_wconf 88' lang='lat' dir='ltr'>esse</span> <span class='ocrx_word' id='word_1_78' title='bbox 1150 1010 1435 1069; x_wconf 88' lang='lat' dir='ltr'>dixerunt.</span> <span class='ocrx_word' id='word_1_79' title='bbox 1521 1010 1902 1069; x_wconf 88' lang='lat' dir='ltr'>Incommoda</span> <span class='ocrx_word' id='word_1_80' title='bbox 1940 1031 2036 1069; x_wconf 92' lang='lat' dir='ltr'>au-</span> 
     </span>
     <span class='ocr_line' id='line_1_13' title="bbox 340 1086 2037 1169; baseline 0.001 -20"><span class='ocrx_word' id='word_1_81' title='bbox 340 1098 463 1149; x_wconf 88' lang='lat' dir='ltr'>tem</span> <span class='ocrx_word' id='word_1_82' title='bbox 491 1097 551 1149; x_wconf 84' lang='lat' dir='ltr'>et</span> <span class='ocrx_word' id='word_1_83' title='bbox 577 1091 886 1150; x_wconf 87' lang='lat' dir='ltr'>commoda</span> <span class='ocrx_word' id='word_1_84' title='bbox 919 1086 1030 1166; x_wconf 89' lang='lat' dir='ltr'>(ita</span> <span class='ocrx_word' id='word_1_85' title='bbox 1060 1091 1217 1148; x_wconf 90' lang='lat' dir='ltr'>enim</span> <span class='ocrx_word' id='word_1_86' title='bbox 1250 1093 1677 1169; x_wconf 74' lang='grc' dir='ltr'>εὔχρηστῆματα</span> <span class='ocrx_word' id='word_1_87' title='bbox 1710 1098 1770 1150; x_wconf 93' lang='lat' dir='ltr'>et</span> <span class='ocrx_word' id='word_1_88' title='bbox 1802 1090 2037 1169; x_wconf 75' lang='grc' dir='ltr'>δυσχρη-</span> 
     </span>
     <span class='ocr_line' id='line_1_14' title="bbox 341 1169 2037 1249; baseline 0.001 -20"><span class='ocrx_word' id='word_1_89' title='bbox 341 1194 599 1247; x_wconf 80' lang='grc' dir='ltr'>στηματα</span> <span class='ocrx_word' id='word_1_90' title='bbox 652 1169 923 1249; x_wconf 89' lang='lat' dir='ltr'>appello)</span> <span class='ocrx_word' id='word_1_91' title='bbox 974 1172 1309 1229; x_wconf 88' lang='lat' dir='ltr'>communia</span> <span class='ocrx_word' id='word_1_92' title='bbox 1360 1191 1483 1230; x_wconf 89' lang='lat' dir='ltr'>esse</span> <span class='ocrx_word' id='word_1_93' title='bbox 1533 1171 1852 1244; x_wconf 87' lang='lat' dir='ltr'>voluerunt,</span> <span class='ocrx_word' id='word_1_94' title='bbox 1875 1173 2037 1249; x_wconf 91' lang='lat' dir='ltr'>paria</span> 
     </span>
     <span class='ocr_line' id='line_1_15' title="bbox 340 1250 2032 1329; baseline 0.001 -20"><span class='ocrx_word' id='word_1_95' title='bbox 340 1252 666 1310; x_wconf 88' lang='lat' dir='ltr'>noluerunt.</span> <span class='ocrx_word' id='word_1_96' title='bbox 753 1250 860 1309; x_wconf 89' lang='lat' dir='ltr'>Illa</span> <span class='ocrx_word' id='word_1_97' title='bbox 879 1251 1052 1320; x_wconf 87' lang='lat' dir='ltr'>enim,</span> <span class='ocrx_word' id='word_1_98' title='bbox 1072 1270 1219 1329; x_wconf 89' lang='lat' dir='ltr'>quae</span> <span class='ocrx_word' id='word_1_99' title='bbox 1241 1258 1483 1329; x_wconf 88' lang='lat' dir='ltr'>prosunt</span> <span class='ocrx_word' id='word_1_100' title='bbox 1509 1259 1611 1310; x_wconf 86' lang='lat' dir='ltr'>aut</span> <span class='ocrx_word' id='word_1_101' title='bbox 1638 1271 1784 1329; x_wconf 89' lang='lat' dir='ltr'>quae</span> <span class='ocrx_word' id='word_1_102' title='bbox 1805 1260 2032 1324; x_wconf 87' lang='lat' dir='ltr'>nocent,</span> 
     </span>
     <span class='ocr_line' id='line_1_16' title="bbox 340 1330 2034 1410; baseline 0 -20"><span class='ocrx_word' id='word_1_103' title='bbox 340 1340 442 1390; x_wconf 88' lang='lat' dir='ltr'>aut</span> <span class='ocrx_word' id='word_1_104' title='bbox 469 1332 623 1390; x_wconf 91' lang='lat' dir='ltr'>bona</span> <span class='ocrx_word' id='word_1_105' title='bbox 655 1338 790 1390; x_wconf 87' lang='lat' dir='ltr'>sunt</span> <span class='ocrx_word' id='word_1_106' title='bbox 817 1338 918 1389; x_wconf 88' lang='lat' dir='ltr'>aut</span> <span class='ocrx_word' id='word_1_107' title='bbox 952 1330 1117 1403; x_wconf 86' lang='lat' dir='ltr'>mala,</span> <span class='ocrx_word' id='word_1_108' title='bbox 1144 1350 1289 1409; x_wconf 89' lang='lat' dir='ltr'>quae</span> <span class='ocrx_word' id='word_1_109' title='bbox 1321 1332 1438 1390; x_wconf 86' lang='lat' dir='ltr'>sint</span> <span class='ocrx_word' id='word_1_110' title='bbox 1462 1332 1632 1410; x_wconf 84' lang='lat' dir='ltr'>paria</span> <span class='ocrx_word' id='word_1_111' title='bbox 1656 1351 1885 1390; x_wconf 89' lang='lat' dir='ltr'>necesse</span> <span class='ocrx_word' id='word_1_112' title='bbox 1911 1340 2034 1405; x_wconf 87' lang='lat' dir='ltr'>est;</span> 
     </span>
     <span class='ocr_line' id='line_1_17' title="bbox 340 1411 2034 1490; baseline 0 -20"><span class='ocrx_word' id='word_1_113' title='bbox 340 1411 650 1471; x_wconf 87' lang='lat' dir='ltr'>commoda</span> <span class='ocrx_word' id='word_1_114' title='bbox 688 1418 882 1469; x_wconf 89' lang='lat' dir='ltr'>autem</span> <span class='ocrx_word' id='word_1_115' title='bbox 925 1418 985 1469; x_wconf 91' lang='lat' dir='ltr'>et</span> <span class='ocrx_word' id='word_1_116' title='bbox 1024 1411 1396 1470; x_wconf 89' lang='lat' dir='ltr'>incommoda</span> <span class='ocrx_word' id='word_1_117' title='bbox 1436 1412 1494 1470; x_wconf 92' lang='lat' dir='ltr'>in</span> <span class='ocrx_word' id='word_1_118' title='bbox 1537 1431 1608 1470; x_wconf 90' lang='lat' dir='ltr'>eo</span> <span class='ocrx_word' id='word_1_119' title='bbox 1640 1430 1847 1490; x_wconf 84' lang='lat' dir='ltr'>genere</span> <span class='ocrx_word' id='word_1_120' title='bbox 1880 1418 2034 1483; x_wconf 87' lang='lat' dir='ltr'>sunt,</span> 
     </span>
     <span class='ocr_line' id='line_1_18' title="bbox 342 1491 2037 1570; baseline 0 -20"><span class='ocrx_word' id='word_1_121' title='bbox 342 1512 488 1570; x_wconf 89' lang='lat' dir='ltr'>quae</span> <span class='ocrx_word' id='word_1_122' title='bbox 508 1491 839 1570; x_wconf 84' lang='lat' dir='ltr'>praeposita</span> <span class='ocrx_word' id='word_1_123' title='bbox 865 1498 924 1549; x_wconf 85' lang='lat' dir='ltr'>et</span> <span class='ocrx_word' id='word_1_124' title='bbox 945 1491 1156 1549; x_wconf 83' lang='lat' dir='ltr'>reiecta</span> <span class='ocrx_word' id='word_1_125' title='bbox 1182 1491 1468 1563; x_wconf 85' lang='lat' dir='ltr'>dicimus;</span> <span class='ocrx_word' id='word_1_126' title='bbox 1510 1511 1578 1549; x_wconf 90' lang='lat' dir='ltr'>ea</span> <span class='ocrx_word' id='word_1_127' title='bbox 1606 1498 1848 1569; x_wconf 89' lang='lat' dir='ltr'>possunt</span> <span class='ocrx_word' id='word_1_128' title='bbox 1875 1492 2037 1569; x_wconf 88' lang='lat' dir='ltr'>paria</span> 
     </span>
     <span class='ocr_line' id='line_1_19' title="bbox 339 1570 2033 1648; baseline -0.001 -18"><span class='ocrx_word' id='word_1_129' title='bbox 339 1592 458 1629; x_wconf 89' lang='lat' dir='ltr'>non</span> <span class='ocrx_word' id='word_1_130' title='bbox 483 1591 620 1630; x_wconf 92' lang='lat' dir='ltr'>esse.</span> <span class='ocrx_word' id='word_1_131' title='bbox 697 1571 814 1630; x_wconf 82' lang='lat' dir='ltr'>Sed</span> <span class='ocrx_word' id='word_1_132' title='bbox 841 1571 1231 1629; x_wconf 88' lang='lat' dir='ltr'>emolumenta</span> <span class='ocrx_word' id='word_1_133' title='bbox 1250 1590 1438 1648; x_wconf 87' lang='lat' dir='ltr'>comm</span> <span class='ocrx_word' id='word_1_134' title='bbox 1448 1591 1582 1629; x_wconf 83' lang='lat' dir='ltr'>unia</span> <span class='ocrx_word' id='word_1_135' title='bbox 1601 1590 1722 1629; x_wconf 87' lang='lat' dir='ltr'>esse</span> <span class='ocrx_word' id='word_1_136' title='bbox 1746 1570 2033 1643; x_wconf 87' lang='lat' dir='ltr'>dicuntur,</span> 
     </span>
     <span class='ocr_line' id='line_1_20' title="bbox 339 1650 2036 1729; baseline 0 -20"><span class='ocrx_word' id='word_1_137' title='bbox 339 1659 495 1711; x_wconf 89' lang='lat' dir='ltr'>recte</span> <span class='ocrx_word' id='word_1_138' title='bbox 528 1659 721 1710; x_wconf 87' lang='lat' dir='ltr'>autem</span> <span class='ocrx_word' id='word_1_139' title='bbox 755 1652 911 1709; x_wconf 83' lang='lat' dir='ltr'>facta</span> <span class='ocrx_word' id='word_1_140' title='bbox 951 1658 1011 1709; x_wconf 86' lang='lat' dir='ltr'>et</span> <span class='ocrx_word' id='word_1_141' title='bbox 1042 1660 1279 1729; x_wconf 86' lang='lat' dir='ltr'>peccata</span> <span class='ocrx_word' id='word_1_142' title='bbox 1312 1670 1427 1709; x_wconf 90' lang='lat' dir='ltr'>non</span> <span class='ocrx_word' id='word_1_143' title='bbox 1464 1650 1748 1709; x_wconf 82' lang='lat' dir='ltr'>habentur</span> <span class='ocrx_word' id='word_1_144' title='bbox 1780 1670 2036 1709; x_wconf 91' lang='lat' dir='ltr'>commu-</span> 
     </span>
     <span class='ocr_line' id='line_1_21' title="bbox 340 1730 2036 1790; baseline 0 -1"><span class='ocrx_word' id='word_1_145' title='bbox 340 1733 453 1790; x_wconf 88' lang='lat' dir='ltr'>nia.</span> <span class='ocrx_word' id='word_1_146' title='bbox 542 1731 635 1790; x_wconf 80' lang='lat'>70.</span> <span class='ocrx_word' id='word_1_147' title='bbox 678 1731 1017 1789; x_wconf 86' lang='lat' dir='ltr'>Amicitiam</span> <span class='ocrx_word' id='word_1_148' title='bbox 1065 1740 1261 1789; x_wconf 89' lang='lat' dir='ltr'>autem</span> <span class='ocrx_word' id='word_1_149' title='bbox 1305 1730 1692 1789; x_wconf 81' lang='lat' dir='ltr'>adhibendam</span> <span class='ocrx_word' id='word_1_150' title='bbox 1742 1750 1864 1790; x_wconf 87' lang='lat' dir='ltr'>esse</span> <span class='ocrx_word' id='word_1_151' title='bbox 1908 1751 2036 1789; x_wconf 89' lang='lat' dir='ltr'>cen-</span> 
     </span>
     <span class='ocr_line' id='line_1_22' title="bbox 341 1811 2036 1903; baseline -0.001 -33"><span class='ocrx_word' id='word_1_152' title='bbox 341 1821 487 1884; x_wconf 87' lang='lat' dir='ltr'>sent,</span> <span class='ocrx_word' id='word_1_153' title='bbox 519 1813 654 1891; x_wconf 90' lang='lat' dir='ltr'>quia</span> <span class='ocrx_word' id='word_1_154' title='bbox 696 1812 772 1869; x_wconf 89' lang='lat' dir='ltr'>sit</span> <span class='ocrx_word' id='word_1_155' title='bbox 812 1830 882 1869; x_wconf 85' lang='lat' dir='ltr'>ex</span> <span class='ocrx_word' id='word_1_156' title='bbox 923 1829 993 1869; x_wconf 88' lang='lat' dir='ltr'>eo</span> <span class='ocrx_word' id='word_1_157' title='bbox 1034 1830 1260 1903; x_wconf 80' lang='lat' dir='ltr'>genere,</span> <span class='ocrx_word' id='word_1_158' title='bbox 1290 1830 1436 1888; x_wconf 88' lang='lat' dir='ltr'>quae</span> <span class='ocrx_word' id='word_1_159' title='bbox 1477 1818 1737 1887; x_wconf 88' lang='lat' dir='ltr'>prosunt.</span> <span class='ocrx_word' id='word_1_160' title='bbox 1824 1811 2036 1880; x_wconf 80' lang='lat' dir='ltr'>Quam-</span> 
     </span>
     <span class='ocr_line' id='line_1_23' title="bbox 342 1890 2035 1969; baseline 0 -20"><span class='ocrx_word' id='word_1_161' title='bbox 342 1911 514 1969; x_wconf 89' lang='lat' dir='ltr'>quam</span> <span class='ocrx_word' id='word_1_162' title='bbox 545 1901 738 1951; x_wconf 87' lang='lat' dir='ltr'>autem</span> <span class='ocrx_word' id='word_1_163' title='bbox 766 1892 827 1949; x_wconf 90' lang='lat' dir='ltr'>in</span> <span class='ocrx_word' id='word_1_164' title='bbox 856 1890 1113 1948; x_wconf 88' lang='lat' dir='ltr'>amicitia</span> <span class='ocrx_word' id='word_1_165' title='bbox 1140 1891 1238 1949; x_wconf 87' lang='lat' dir='ltr'>alii</span> <span class='ocrx_word' id='word_1_166' title='bbox 1259 1891 1455 1949; x_wconf 87' lang='lat' dir='ltr'>dicant</span> <span class='ocrx_word' id='word_1_167' title='bbox 1483 1910 1662 1969; x_wconf 88' lang='lat' dir='ltr'>aeque</span> <span class='ocrx_word' id='word_1_168' title='bbox 1694 1910 1881 1949; x_wconf 88' lang='lat' dir='ltr'>caram</span> <span class='ocrx_word' id='word_1_169' title='bbox 1913 1910 2035 1949; x_wconf 87' lang='lat' dir='ltr'>esse</span> 
     </span>
     <span class='ocr_line' id='line_1_24' title="bbox 341 1970 2036 2049; baseline -0.001 -19"><span class='ocrx_word' id='word_1_170' title='bbox 341 1973 589 2049; x_wconf 85' lang='lat' dir='ltr'>sapienti</span> <span class='ocrx_word' id='word_1_171' title='bbox 616 1973 897 2029; x_wconf 88' lang='lat' dir='ltr'>rationem</span> <span class='ocrx_word' id='word_1_172' title='bbox 929 1971 1100 2033; x_wconf 83' lang='lat' dir='ltr'>amici</span> <span class='ocrx_word' id='word_1_173' title='bbox 1129 1990 1197 2028; x_wconf 91' lang='lat' dir='ltr'>ac</span> <span class='ocrx_word' id='word_1_174' title='bbox 1224 1990 1403 2043; x_wconf 88' lang='lat' dir='ltr'>suam,</span> <span class='ocrx_word' id='word_1_175' title='bbox 1428 1970 1526 2029; x_wconf 88' lang='lat' dir='ltr'>alii</span> <span class='ocrx_word' id='word_1_176' title='bbox 1556 1978 1747 2030; x_wconf 87' lang='lat' dir='ltr'>autem</span> <span class='ocrx_word' id='word_1_177' title='bbox 1781 1971 1891 2029; x_wconf 92' lang='lat' dir='ltr'>sibi</span> <span class='ocrx_word' id='word_1_178' title='bbox 1919 1971 2036 2029; x_wconf 89' lang='lat' dir='ltr'>cui-</span> 
     </span>
     <span class='ocr_line' id='line_1_25' title="bbox 342 2051 2035 2146; baseline -0.001 -36"><span class='ocrx_word' id='word_1_179' title='bbox 342 2072 454 2129; x_wconf 89' lang='lat' dir='ltr'>que</span> <span class='ocrx_word' id='word_1_180' title='bbox 487 2053 759 2110; x_wconf 87' lang='lat' dir='ltr'>cariorem</span> <span class='ocrx_word' id='word_1_181' title='bbox 797 2070 977 2122; x_wconf 89' lang='lat' dir='ltr'>suam,</span> <span class='ocrx_word' id='word_1_182' title='bbox 1000 2059 1194 2109; x_wconf 87' lang='lat' dir='ltr'>tamen</span> <span class='ocrx_word' id='word_1_183' title='bbox 1230 2051 1291 2109; x_wconf 93' lang='lat' dir='ltr'>hi</span> <span class='ocrx_word' id='word_1_184' title='bbox 1322 2071 1551 2130; x_wconf 90' lang='lat' dir='ltr'>quoque</span> <span class='ocrx_word' id='word_1_185' title='bbox 1581 2051 1926 2146; x_wconf 86' lang='lat' dir='ltr'>posteriores</span> <span class='ocrx_word' id='word_1_186' title='bbox 1952 2053 2035 2109; x_wconf 82' lang='lat' dir='ltr'>fa-</span> 
     </span>
     <span class='ocr_line' id='line_1_26' title="bbox 338 2131 2035 2211; baseline 0 -21"><span class='ocrx_word' id='word_1_187' title='bbox 338 2140 551 2205; x_wconf 86' lang='lat' dir='ltr'>tentur,</span> <span class='ocrx_word' id='word_1_188' title='bbox 581 2132 832 2190; x_wconf 89' lang='lat' dir='ltr'>alienum</span> <span class='ocrx_word' id='word_1_189' title='bbox 861 2150 983 2189; x_wconf 90' lang='lat' dir='ltr'>esse</span> <span class='ocrx_word' id='word_1_190' title='bbox 1016 2150 1052 2188; x_wconf 86' lang='lat' dir='ltr'>a</span> <span class='ocrx_word' id='word_1_191' title='bbox 1082 2131 1320 2204; x_wconf 87' lang='lat' dir='ltr'>iustitia,</span> <span class='ocrx_word' id='word_1_192' title='bbox 1344 2132 1420 2190; x_wconf 86' lang='lat' dir='ltr'>ad</span> <span class='ocrx_word' id='word_1_193' title='bbox 1449 2152 1621 2211; x_wconf 86' lang='lat' dir='ltr'>quam</span> <span class='ocrx_word' id='word_1_194' title='bbox 1655 2132 1778 2191; x_wconf 90' lang='lat' dir='ltr'>nati</span> <span class='ocrx_word' id='word_1_195' title='bbox 1806 2151 1928 2191; x_wconf 91' lang='lat' dir='ltr'>esse</span> <span class='ocrx_word' id='word_1_196' title='bbox 1955 2133 2035 2190; x_wconf 90' lang='lat' dir='ltr'>vi-</span> 
     </span>
     <span class='ocr_line' id='line_1_27' title="bbox 341 2211 2031 2291; baseline 0 -21"><span class='ocrx_word' id='word_1_197' title='bbox 341 2212 596 2284; x_wconf 84' lang='lat' dir='ltr'>deamur,</span> <span class='ocrx_word' id='word_1_198' title='bbox 619 2211 917 2270; x_wconf 86' lang='lat' dir='ltr'>detrahere</span> <span class='ocrx_word' id='word_1_199' title='bbox 939 2211 1079 2288; x_wconf 90' lang='lat' dir='ltr'>quid</span> <span class='ocrx_word' id='word_1_200' title='bbox 1100 2212 1173 2270; x_wconf 90' lang='lat' dir='ltr'>de</span> <span class='ocrx_word' id='word_1_201' title='bbox 1201 2212 1412 2290; x_wconf 85' lang='lat' dir='ltr'>aliqu0‚</span> <span class='ocrx_word' id='word_1_202' title='bbox 1438 2213 1594 2291; x_wconf 89' lang='lat' dir='ltr'>quod</span> <span class='ocrx_word' id='word_1_203' title='bbox 1624 2213 1735 2272; x_wconf 89' lang='lat' dir='ltr'>sibi</span> <span class='ocrx_word' id='word_1_204' title='bbox 1762 2219 2031 2271; x_wconf 90' lang='lat' dir='ltr'>assumat.</span> 
     </span>
     <span class='ocr_line' id='line_1_28' title="bbox 340 2290 2031 2371; baseline 0 -22"><span class='ocrx_word' id='word_1_205' title='bbox 340 2291 584 2351; x_wconf 88' lang='lat' dir='ltr'>Minime</span> <span class='ocrx_word' id='word_1_206' title='bbox 600 2311 737 2349; x_wconf 87' lang='lat' dir='ltr'>vero</span> <span class='ocrx_word' id='word_1_207' title='bbox 757 2291 1034 2369; x_wconf 90' lang='lat' dir='ltr'>probatur</span> <span class='ocrx_word' id='word_1_208' title='bbox 1056 2290 1190 2350; x_wconf 90' lang='lat' dir='ltr'>huic</span> <span class='ocrx_word' id='word_1_209' title='bbox 1211 2292 1564 2370; x_wconf 86' lang='lat' dir='ltr'>disciplinae,</span> <span class='ocrx_word' id='word_1_210' title='bbox 1584 2293 1658 2351; x_wconf 89' lang='lat' dir='ltr'>de</span> <span class='ocrx_word' id='word_1_211' title='bbox 1680 2312 1795 2371; x_wconf 91' lang='lat' dir='ltr'>qua</span> <span class='ocrx_word' id='word_1_212' title='bbox 1809 2293 2031 2371; x_wconf 88' lang='lat' dir='ltr'>loquor,</span> 
     </span>
     <span class='ocr_line' id='line_1_29' title="bbox 339 2367 2034 2450; baseline -0.001 -19"><span class='ocrx_word' id='word_1_213' title='bbox 339 2367 443 2431; x_wconf 84' lang='lat' dir='ltr'>aut</span> <span class='ocrx_word' id='word_1_214' title='bbox 469 2372 751 2430; x_wconf 84' lang='lat' dir='ltr'>iustitiam</span> <span class='ocrx_word' id='word_1_215' title='bbox 780 2378 883 2429; x_wconf 91' lang='lat' dir='ltr'>aut</span> <span class='ocrx_word' id='word_1_216' title='bbox 914 2372 1225 2430; x_wconf 88' lang='lat' dir='ltr'>amicitiam</span> <span class='ocrx_word' id='word_1_217' title='bbox 1262 2381 1500 2450; x_wconf 86' lang='lat' dir='ltr'>propter</span> <span class='ocrx_word' id='word_1_218' title='bbox 1528 2373 1808 2431; x_wconf 87' lang='lat' dir='ltr'>utilitates</span> <span class='ocrx_word' id='word_1_219' title='bbox 1834 2372 2034 2431; x_wconf 88' lang='lat' dir='ltr'>ascisci</span> 
     </span>
     <span class='ocr_line' id='line_1_30' title="bbox 340 2451 2034 2529; baseline -0.001 -19"><span class='ocrx_word' id='word_1_220' title='bbox 340 2460 444 2510; x_wconf 91' lang='lat' dir='ltr'>aut</span> <span class='ocrx_word' id='word_1_221' title='bbox 486 2451 733 2529; x_wconf 85' lang='lat' dir='ltr'>probari.</span> <span class='ocrx_word' id='word_1_222' title='bbox 818 2451 1070 2510; x_wconf 88' lang='lat' dir='ltr'>Eaedem</span> <span class='ocrx_word' id='word_1_223' title='bbox 1113 2453 1270 2510; x_wconf 90' lang='lat' dir='ltr'>enim</span> <span class='ocrx_word' id='word_1_224' title='bbox 1311 2454 1591 2510; x_wconf 88' lang='lat' dir='ltr'>utilitates</span> <span class='ocrx_word' id='word_1_225' title='bbox 1630 2459 1907 2529; x_wconf 90' lang='lat' dir='ltr'>poterunt</span> <span class='ocrx_word' id='word_1_226' title='bbox 1938 2471 2034 2509; x_wconf 90' lang='lat' dir='ltr'>eas</span> 
     </span>
     <span class='ocr_line' id='line_1_31' title="bbox 339 2531 2036 2610; baseline 0.001 -22"><span class='ocrx_word' id='word_1_227' title='bbox 339 2531 686 2591; x_wconf 86' lang='lat' dir='ltr'>labefactare</span> <span class='ocrx_word' id='word_1_228' title='bbox 733 2538 906 2609; x_wconf 85' lang='lat' dir='ltr'>atque</span> <span class='ocrx_word' id='word_1_229' title='bbox 954 2538 1291 2610; x_wconf 89' lang='lat' dir='ltr'>pervertere.</span> <span class='ocrx_word' id='word_1_230' title='bbox 1376 2531 1610 2590; x_wconf 87' lang='lat' dir='ltr'>Etenim</span> <span class='ocrx_word' id='word_1_231' title='bbox 1656 2551 1760 2589; x_wconf 90' lang='lat' dir='ltr'>nec</span> <span class='ocrx_word' id='word_1_232' title='bbox 1811 2531 2036 2589; x_wconf 88' lang='lat' dir='ltr'>iustitia</span> 
     </span>
     <span class='ocr_line' id='line_1_32' title="bbox 339 2612 2033 2689; baseline 0 -20"><span class='ocrx_word' id='word_1_233' title='bbox 339 2631 449 2670; x_wconf 89' lang='lat' dir='ltr'>nec</span> <span class='ocrx_word' id='word_1_234' title='bbox 475 2612 731 2670; x_wconf 86' lang='lat' dir='ltr'>amicitia</span> <span class='ocrx_word' id='word_1_235' title='bbox 762 2630 883 2670; x_wconf 88' lang='lat' dir='ltr'>esse</span> <span class='ocrx_word' id='word_1_236' title='bbox 917 2612 1158 2669; x_wconf 88' lang='lat' dir='ltr'>omniuo</span> <span class='ocrx_word' id='word_1_237' title='bbox 1191 2619 1483 2689; x_wconf 86' lang='lat' dir='ltr'>poterunt,</span> <span class='ocrx_word' id='word_1_238' title='bbox 1506 2612 1617 2669; x_wconf 88' lang='lat' dir='ltr'>nisi</span> <span class='ocrx_word' id='word_1_239' title='bbox 1653 2612 1810 2688; x_wconf 90' lang='lat' dir='ltr'>ipsae</span> <span class='ocrx_word' id='word_1_240' title='bbox 1837 2630 1941 2688; x_wconf 89' lang='lat' dir='ltr'>per</span> <span class='ocrx_word' id='word_1_241' title='bbox 1973 2630 2033 2669; x_wconf 90' lang='lat' dir='ltr'>se</span> 
     </span>
     <span class='ocr_line' id='line_1_33' title="bbox 339 2690 2033 2770; baseline -0.001 -21"><span class='ocrx_word' id='word_1_242' title='bbox 339 2699 703 2770; x_wconf 83' lang='lat' dir='ltr'>expetuntur.</span> <span class='ocrx_word' id='word_1_243' title='bbox 791 2690 885 2750; x_wconf 83' lang='grc'>71.</span> <span class='ocrx_word' id='word_1_244' title='bbox 929 2692 1029 2750; x_wconf 89' lang='lat' dir='ltr'>Ius</span> <span class='ocrx_word' id='word_1_245' title='bbox 1069 2700 1281 2761; x_wconf 82' lang='lat' dir='ltr'>autem,</span> <span class='ocrx_word' id='word_1_246' title='bbox 1307 2693 1465 2770; x_wconf 88' lang='lat' dir='ltr'>quod</span> <span class='ocrx_word' id='word_1_247' title='bbox 1505 2693 1589 2749; x_wconf 89' lang='lat' dir='ltr'>ita</span> <span class='ocrx_word' id='word_1_248' title='bbox 1628 2692 1744 2750; x_wconf 88' lang='lat' dir='ltr'>dici</span> <span class='ocrx_word' id='word_1_249' title='bbox 1788 2691 2033 2769; x_wconf 85' lang='lat' dir='ltr'>appella-</span> 
     </span>
     <span class='ocr_line' id='line_1_34' title="bbox 337 2772 2034 2850; baseline -0.001 -21"><span class='ocrx_word' id='word_1_250' title='bbox 337 2772 504 2849; x_wconf 77' lang='lat' dir='ltr'>rique</span> <span class='ocrx_word' id='word_1_251' title='bbox 545 2774 746 2849; x_wconf 87' lang='lat' dir='ltr'>possit,</span> <span class='ocrx_word' id='word_1_252' title='bbox 776 2772 839 2829; x_wconf 85' lang='lat' dir='ltr'>id</span> <span class='ocrx_word' id='word_1_253' title='bbox 881 2791 1002 2830; x_wconf 89' lang='lat' dir='ltr'>esse</span> <span class='ocrx_word' id='word_1_254' title='bbox 1042 2781 1281 2844; x_wconf 80' lang='lat' dir='ltr'>natura3</span> <span class='ocrx_word' id='word_1_255' title='bbox 1323 2772 1688 2850; x_wconf 90' lang='lat' dir='ltr'>alienumque</span> <span class='ocrx_word' id='word_1_256' title='bbox 1729 2791 1851 2829; x_wconf 91' lang='lat' dir='ltr'>esse</span> <span class='ocrx_word' id='word_1_257' title='bbox 1883 2790 1919 2828; x_wconf 89' lang='lat' dir='ltr'>a</span> <span class='ocrx_word' id='word_1_258' title='bbox 1950 2791 2034 2827; x_wconf 88' lang='lat' dir='ltr'>sa-</span> 
     </span>
     <span class='ocr_line' id='line_1_35' title="bbox 339 2851 2029 2929; baseline -0.002 -19"><span class='ocrx_word' id='word_1_259' title='bbox 339 2852 536 2929; x_wconf 91' lang='lat' dir='ltr'>piente</span> <span class='ocrx_word' id='word_1_260' title='bbox 579 2872 693 2910; x_wconf 91' lang='lat' dir='ltr'>non</span> <span class='ocrx_word' id='word_1_261' title='bbox 737 2852 914 2910; x_wconf 88' lang='lat' dir='ltr'>modo</span> <span class='ocrx_word' id='word_1_262' title='bbox 955 2851 1225 2909; x_wconf 86' lang='lat' dir='ltr'>iniuriam</span> <span class='ocrx_word' id='word_1_263' title='bbox 1267 2852 1359 2910; x_wconf 92' lang='lat' dir='ltr'>cui</span> <span class='ocrx_word' id='word_1_264' title='bbox 1393 2853 1597 2923; x_wconf 86' lang='lat' dir='ltr'>facere,</span> <span class='ocrx_word' id='word_1_265' title='bbox 1619 2871 1814 2909; x_wconf 85' lang='lat' dir='ltr'>verum</span> <span class='ocrx_word' id='word_1_266' title='bbox 1856 2851 2029 2908; x_wconf 88' lang='lat' dir='ltr'>etiam</span> 
     </span>
    </p>
   </div>
   <div class='ocr_carea' id='block_1_3' title="bbox 338 2931 2112 2990">
    <p class='ocr_par' dir='ltr' id='par_1_4' title="bbox 338 2931 2112 2990">
     <span class='ocr_line' id='line_1_36' title="bbox 338 2931 2112 2990; baseline -0.002 -2"><span class='ocrx_word' id='word_1_267' title='bbox 338 2951 563 2990; x_wconf 86' lang='lat' dir='ltr'>nocere.</span> <span class='ocrx_word' id='word_1_268' title='bbox 648 2932 773 2990; x_wconf 88' lang='lat' dir='ltr'>Nec</span> <span class='ocrx_word' id='word_1_269' title='bbox 805 2951 938 2989; x_wconf 88' lang='lat' dir='ltr'>vero</span> <span class='ocrx_word' id='word_1_270' title='bbox 971 2940 1194 2989; x_wconf 88' lang='lat' dir='ltr'>rectum</span> <span class='ocrx_word' id='word_1_271' title='bbox 1236 2939 1324 2989; x_wconf 90' lang='lat' dir='ltr'>est</span> <span class='ocrx_word' id='word_1_272' title='bbox 1355 2951 1483 2989; x_wconf 89' lang='lat' dir='ltr'>cum</span> <span class='ocrx_word' id='word_1_273' title='bbox 1521 2931 1721 2990; x_wconf 89' lang='lat' dir='ltr'>amicis</span> <span class='ocrx_word' id='word_1_274' title='bbox 1756 2938 1854 2989; x_wconf 85' lang='lat' dir='ltr'>aut</span> <span class='ocrx_word' id='word_1_275' title='bbox 1886 2931 2032 2988; x_wconf 91' lang='lat' dir='ltr'>bene</span> <span class='ocrx_word' id='word_1_276' title='bbox 2106 2978 2112 2984; x_wconf 87' lang='lat'><em>.</em></span> 
     </span>
    </p>
   </div>
   <div class='ocr_carea' id='block_1_4' title="bbox 276 3011 2033 3250">
    <p class='ocr_par' dir='ltr' id='par_1_5' title="bbox 276 3011 2033 3250">
     <span class='ocr_line' id='line_1_37' title="bbox 276 3011 2033 3089; baseline -0.002 -19"><span class='ocrx_word' id='word_1_277' title='bbox 276 3076 291 3089; x_wconf 93' lang='lat'><strong>.</strong></span> <span class='ocrx_word' id='word_1_278' title='bbox 336 3012 564 3070; x_wconf 89' lang='lat' dir='ltr'>meritis</span> <span class='ocrx_word' id='word_1_279' title='bbox 595 3012 923 3070; x_wconf 86' lang='lat' dir='ltr'>consociare</span> <span class='ocrx_word' id='word_1_280' title='bbox 955 3019 1057 3069; x_wconf 91' lang='lat' dir='ltr'>aut</span> <span class='ocrx_word' id='word_1_281' title='bbox 1097 3012 1445 3087; x_wconf 84' lang='lat' dir='ltr'>coniungere</span> <span class='ocrx_word' id='word_1_282' title='bbox 1477 3011 1780 3082; x_wconf 82' lang='lat' dir='ltr'>iniuriam3</span> <span class='ocrx_word' id='word_1_283' title='bbox 1822 3011 2033 3088; x_wconf 81' lang='lat' dir='ltr'>gravis-</span> 
     </span>
     <span class='ocr_line' id='line_1_38' title="bbox 338 3090 2033 3171; baseline -0.002 -21"><span class='ocrx_word' id='word_1_284' title='bbox 338 3092 600 3171; x_wconf 89' lang='lat' dir='ltr'>simeque</span> <span class='ocrx_word' id='word_1_285' title='bbox 633 3099 693 3150; x_wconf 89' lang='lat' dir='ltr'>et</span> <span class='ocrx_word' id='word_1_286' title='bbox 724 3091 1015 3151; x_wconf 89' lang='lat' dir='ltr'>verissime</span> <span class='ocrx_word' id='word_1_287' title='bbox 1055 3090 1406 3158; x_wconf 86' lang='lat' dir='ltr'>defenditur,</span> <span class='ocrx_word' id='word_1_288' title='bbox 1430 3109 1748 3167; x_wconf 87' lang='lat' dir='ltr'>numquam</span> <span class='ocrx_word' id='word_1_289' title='bbox 1781 3090 2033 3168; x_wconf 85' lang='lat' dir='ltr'>aequita-</span> 
     </span>
     <span class='ocr_line' id='line_1_39' title="bbox 337 3169 2029 3250; baseline -0.004 -19"><span class='ocrx_word' id='word_1_290' title='bbox 337 3179 462 3231; x_wconf 88' lang='lat' dir='ltr'>tem</span> <span class='ocrx_word' id='word_1_291' title='bbox 496 3171 571 3231; x_wconf 89' lang='lat' dir='ltr'>ab</span> <span class='ocrx_word' id='word_1_292' title='bbox 612 3172 863 3231; x_wconf 87' lang='lat' dir='ltr'>utilitate</span> <span class='ocrx_word' id='word_1_293' title='bbox 895 3190 1065 3250; x_wconf 88' lang='lat' dir='ltr'>posse</span> <span class='ocrx_word' id='word_1_294' title='bbox 1099 3169 1340 3247; x_wconf 83' lang='lat' dir='ltr'>seiungi,</span> <span class='ocrx_word' id='word_1_295' title='bbox 1366 3176 1440 3242; x_wconf 90' lang='lat' dir='ltr'>et,</span> <span class='ocrx_word' id='word_1_296' title='bbox 1466 3170 1748 3250; x_wconf 87' lang='lat' dir='ltr'>quidquid</span> <span class='ocrx_word' id='word_1_297' title='bbox 1781 3187 2029 3247; x_wconf 73' lang='lat' dir='ltr'>aequum</span> 
     </span>
    </p>
   </div>
  </div>
 </body>
</html>
