2259 3467
761 121 896 169 ΜΒ.
926 121 1368 185 1.,CAP.X1X.‚
1399 122 1520 172 xx.
1919 126 1990 174 27

374 221 512 280 XX.
599 227 692 280 65.
736 222 939 280 Restat
969 223 1126 280 locus
1155 222 1290 281 huic
1312 223 1692 302 disputationi
1715 224 1803 283 vel
1832 244 1986 282 max-

291 303 409 361 ime
443 303 806 374 necessarius,
832 303 904 360 de
938 303 1208 374 amicitia,
1235 323 1425 381 quam,
1450 305 1498 362 si
1533 304 1797 383 voluptas
1836 325 1986 363 sum-

292 403 452 441 mum
490 384 566 441 sit
596 382 830 454 bonum,
853 382 1149 441 affirmatis
1183 385 1397 442 nullam
1436 386 1674 442 omnino
1710 386 1868 457 fore3
1913 386 1988 443 de

293 484 408 542 qua
435 463 717 540 Epicurus
747 465 979 541 quidem
1015 465 1098 521 ita
1132 464 1289 536 dicit,
1316 466 1574 523 omnium
1612 485 1818 538 rerum,
1846 486 1985 544 quas

291 546 364 602 ad
395 545 560 603 beate
581 544 886 601 vivendum
918 546 1200 622 sapientia
1228 547 1661 622 comparaverit,
1687 547 1833 604 nihil
1863 566 1984 605 esse

292 625 478 682 maius
516 625 788 694 amicitia,
826 625 968 682 nihil
1009 625 1257 696 uberim,
1290 626 1432 682 nihil
1473 627 1793 686 iucundius
1863 627 1985 685 Nec

292 725 428 763 vero
475 704 583 762 hoc
634 707 892 762 oratione
938 706 1143 776 solum,
1175 706 1276 763 sed
1317 707 1504 764 multo
1550 708 1735 784 magis
1776 708 1896 766 vita
1928 714 1986 766 et

292 786 464 843 factis
501 793 562 844 et
604 785 863 843 moribus
904 785 1321 863 comprobavit.
1406 786 1580 856 Quod
1620 807 1789 865 quam
1831 808 1988 865 mag-

292 886 433 923 num
469 865 561 936 sit,
585 865 751 924 fictae
787 874 1042 924 veterum
1078 866 1308 925 fabulae
1342 867 1649 939 declarant,
1676 869 1732 924 in
1779 868 1987 946 quibus

292 954 411 1004 tam
443 947 642 1004 multis
669 954 903 1024 tamque
927 948 1112 1018 variiS‚
1135 946 1207 1004 ab
1229 947 1430 1005 ultima
1459 949 1804 1026 antiquitate
1833 968 1989 1026 repe-

292 1027 435 1097 titis,
456 1028 568 1084 tria
598 1027 690 1083 vix
719 1029 1035 1084 amicorum
1072 1028 1231 1104 paria
1259 1029 1636 1105 reperiuntur,
1653 1037 1720 1087 ut
1749 1029 1822 1086 ad
1852 1029 1987 1088 Ore-

294 1114 441 1164 stem
476 1107 772 1184 pervenias
806 1107 1102 1185 profectus
1136 1128 1170 1165 a
1196 1108 1436 1168 Theseo,
1506 1109 1592 1167 At
1621 1129 1753 1167 vero
1783 1110 1989 1187 Epicu-

293 1206 392 1245 rus
414 1206 529 1244 una
549 1187 606 1244 in
631 1187 825 1258 dome,
841 1196 900 1245 et
920 1208 987 1245 ea
1008 1189 1243 1267 quidem
1266 1197 1526 1265 angust-a,
1544 1209 1716 1267 qnam
1747 1209 1989 1267 magnos

296 1275 624 1346 quantaque
653 1269 865 1326 amoris
892 1269 1321 1345 conspiratione
1350 1270 1774 1328 consentientes
1801 1271 1989 1329 tenuit

293 1348 609 1406 amicorum
640 1349 876 1426 greges!
921 1349 1078 1426 quod
1100 1348 1168 1407 fit
1196 1349 1368 1407 etiam
1401 1370 1553 1408 nunc
1575 1351 1648 1407 ab
1672 1351 1985 1427 Epicureis,

295 1428 411 1486 Sed
451 1429 527 1486 ad
560 1448 679 1486 rem
713 1430 1049 1501 redeamus3
1094 1430 1168 1487 de
1201 1429 1537 1489 hominibus
1581 1431 1695 1488 dici
1746 1451 1859 1488 non
1898 1450 1991 1488 nc-

295 1527 450 1566 cesse
499 1516 601 1567 est.
689 1515 783 1566 66.
827 1509 1038 1566 Tribus
1095 1510 1274 1586 igitur
1328 1511 1519 1567 modis
1567 1511 1735 1568 video
1786 1530 1907 1568 esse
1956 1531 1991 1568 a

297 1588 509 1646 nostris
530 1589 602 1655 de
625 1590 881 1645 amicitia
907 1590 1285 1666 disputatum.
1354 1591 1490 1660 Alii,
1513 1610 1644 1648 cum
1674 1594 1769 1647 eas
1790 1591 1990 1667 volup-

297 1675 466 1737 τεῖρε,
493 1687 636 1744 quae
671 1668 745 1725 ad
778 1669 994 1724 amieos
1038 1669 1407 1745 pertinerent,
1427 1679 1702 1746 negarent
1736 1689 1855 1727 esse
1889 1689 1993 1746 per

301 1766 361 1804 se
391 1748 544 1823 ipsas
571 1754 690 1804 tam
728 1748 1093 1824 expetendaS,
1119 1767 1289 1825 quam
1328 1756 1548 1806 nostras
1577 1757 1988 1826 expeteremuS‚

302 1845 418 1904 quo
440 1826 568 1884 loco
593 1827 818 1884 videtur
842 1827 1186 1904 quibusdam
1218 1828 1498 1886 stabilitas
1519 1829 1805 1887 amicitiae
1828 1831 1994 1888 vacil-

301 1906 433 1975 lare,
462 1913 699 1964 tuentur
724 1913 915 1965 tamen
948 1927 1077 1965 eum
1116 1908 1304 1966 locum
1342 1928 1515 1987 seque
1543 1909 1728 1980 facile,
1755 1917 1819 1967 ut
1845 1911 1992 1968 mihi

300 1987 542 2058 videtur,
585 1988 918 2064 expediunt.
1005 1988 1093 2047 Ut
1150 1989 1301 2045 enim
1361 1989 1616 2062 virtutes»,
1656 1990 1727 2047 de
1785 1991 1993 2068 quibus

299 2075 433 2125 ante
461 2067 682 2126 dictum
713 2075 816 2139 est,
838 2068 918 2125 sic
947 2069 1261 2126 amicitiam
1292 2077 1508 2146 negant
1536 2090 1704 2147 posse
1734 2090 1768 2128 a
1797 2071 1994 2149 volup-

298 2155 418 2205 tate
447 2147 751 2206 diseedere.
826 2148 975 2205 Nam
996 2168 1128 2206 cum
1153 2149 1405 2207 solitudo
1428 2158 1486 2208 et
1506 2152 1623 2208 vita
1651 2151 1772 2208 sine
1794 2152 1994 2210 amicis

298 2228 634 2286 insidiarum
667 2237 726 2286 et
753 2236 942 2286 metus
976 2228 1147 2305 plena
1179 2230 1270 2299 sit,
1296 2230 1443 2288 ratio
1472 2231 1596 2308 ipsa
1628 2240 1829 2289 monet
1856 2233 1995 2288 ami·

300 2308 466 2366 citias
502 2327 851 2385 comparare,
884 2309 1093 2386 quibus
1126 2310 1307 2386 partis
1356 2310 1728 2368 confirmat-ur
1768 2312 1995 2368 animus

301 2396 361 2446 et
381 2407 416 2445 a
443 2407 544 2465 spe
573 2389 971 2465 pariendarum
997 2389 1359 2466 voluptatum
1392 2391 1615 2468 seiungi
1646 2411 1759 2449 non
1782 2399 1991 2468 potest.

304 2470 399 2525 67.
441 2467 639 2545 Atque
673 2477 739 2526 ut
772 2470 922 2539 odia,
947 2468 1216 2540 invidiae,
1247 2470 1666 2548 despicationes
1699 2472 1996 2529 adversan-

301 2556 398 2606 tur
440 2547 847 2625 voluptatibuS,
880 2549 961 2606 sic
1006 2550 1292 2607 amicitiae
1337 2569 1454 2608 non
1493 2551 1672 2609 modo
1722 2551 1996 2608 fautrices

302 2627 683 2700 fidelissimae,
719 2629 818 2686 sed
868 2630 1039 2686 etiam
1093 2631 1407 2688 effectrices
1455 2639 1591 2688 sunt
1634 2630 1994 2708 voluptatum

302 2716 422 2765 tam
459 2708 659 2765 amicis
688 2728 856 2786 quam
895 2709 1039 2781 sibi3
1084 2710 1295 2787 quibus
1325 2730 1440 2767 non
1475 2711 1660 2769 solum
1691 2711 1997 2787 praesenti-

303 2787 414 2845 bus
447 2788 733 2860 fruuntur,
765 2789 865 2846 sed
903 2790 1076 2847 etiam
1124 2810 1226 2867 spe
1263 2791 1561 2866 eriguntur
1593 2791 1997 2866 consequentis

305 2887 371 2925 ac
405 2869 619 2945 posteri
662 2870 954 2946 temporis,
1037 2869 1215 2939 Quod
1265 2871 1400 2946 quia
1441 2870 1601 2928 nullo
1651 2870 1828 2928 modo
1873 2870 1996 2927 sine

306 2948 562 3005 amicitia
602 2947 822 3006 firmam
883 2957 942 3006 et
989 2958 1326 3027 perpetuam
1378 2950 1793 3007 iucunditatem
1847 2950 1996 3007 vitae

305 3036 501 3085 tenere
530 3048 834 3105 possumus
868 3047 1052 3106 neque
1089 3048 1233 3086 vero*
1256 3029 1437 3106 ipsam
1480 3028 1793 3086 amicitiam
1829 3030 1993 3099 tueri,

308 3107 420 3164 nisi
455 3126 634 3185 aeque
661 3110 876 3166 amieos
904 3117 963 3166 et
991 3116 1218 3165 nosmet
1246 3109 1403 3184 ipsos
1432 3109 1757 3186 diligamuS,
1783 3109 1997 3166 idcireo

308 3195 369 3249 et
404 3186 513 3245 hoc
546 3189 734 3267 ipsum
772 3188 1016 3246 efficitur
1067 3188 1123 3245 in
1165 3188 1419 3245 amicitia
1466 3195 1524 3246 et
1566 3189 1818 3246 amicitia
1866 3206 1996 3244 cum
