2259 3467
184 153 189 157 -
259 120 354 169 104
431 118 531 167 DE
563 116 854 168 FINIBUS
885 116 1239 168 BONORUM
1272 116 1366 166 ET
1392 114 1769 166 MALORUM.

258 239 291 278 e
322 220 457 311 vita,
481 238 610 277 cum
646 217 848 276 beatus
881 214 972 288 sit,
998 223 1056 274 et
1089 216 1251 274 stulti
1293 234 1522 274 manere
1558 216 1619 273 in
1652 217 1786 287 vita,
1811 236 1949 275 cum

259 300 335 357 sit
377 300 561 357 miser.
631 303 741 365 61.
787 297 939 354 Nam
981 295 1199 362 bonum
1240 295 1385 353 illud
1431 303 1489 354 et
1530 296 1763 388 malum,
1789 298 1967 373 quod.

259 399 427 457 saepe
455 378 570 436 iam
594 379 811 436 dictum
842 384 945 447 est,
966 384 1169 453 postea
1196 377 1597 453 consequitur3
1642 377 1826 453 prima
1854 397 1952 434 au-

258 466 379 518 tem
402 458 500 516 illa
527 465 780 528 naturae,
800 457 918 514 sive
940 456 1190 514 secunda
1212 456 1329 513 sive
1352 456 1653 526 contraria,
1674 456 1778 514 sub
1801 457 1952 514 iudi-

260 539 410 597 cium
435 538 710 615 sapientis
731 543 790 595 et
811 536 1084 594 dilectum
1104 536 1334 607 cadunt,
1356 543 1555 613 estque
1576 535 1673 593 illa
1693 535 1952 594 subiecta

261 617 421 696 quasi
450 618 690 676 materia
717 616 1046 693 sapientiae.
1131 615 1335 692 Itaque
1363 622 1421 673 et
1449 616 1762 673 manendi
1745 635 1807 672 m
1829 617 1951 674 vita

261 705 320 756 et
353 698 640 775 migrandi
673 698 820 756 ratio
855 696 1044 754 omnis
1084 696 1157 753 iis
1197 694 1382 765 rebuS,
1415 714 1556 772 quas
1596 715 1765 772 supra
1806 695 1947 768 dixi,

259 759 567 836 metienda.
652 777 804 835 Nam
832 794 1019 853 neque
1047 773 1164 811 *³¹²*
1192 776 1404 833 virtute
1432 775 1744 833 retinetur
1729 795 1785 832 m
1811 777 1948 846 vita,

262 877 365 915 nec
389 857 474 927 iis,
497 858 639 935 qui
618 858 740 915 sine
758 857 968 914 virtute
997 862 1148 926 sunt,
1172 874 1329 912 mors
1350 862 1440 913 cst
1466 855 1808 947 oppetenda.
1871 856 1952 913 Et

263 958 430 1015 saepe
460 938 712 995 officium
741 944 827 994 est
855 936 1130 1013 sapientis
1158 935 1468 993 desciscere
1496 954 1531 992 a
1558 936 1691 1006 vita,
1712 955 1843 992 cum
1874 936 1953 993 sit

262 1017 641 1087 beatissimuS,
667 1018 713 1073 si
744 1017 804 1073 id
827 1023 1153 1094 opportune
1181 1016 1368 1073 facere
1395 1015 1595 1092 possit,
1621 1015 1648 1091 †
1679 1015 1833 1092 quod
1862 1022 1964 1073 est'

264 1098 667 1155 convenienter
699 1105 934 1153 naturac
967 1096 1171 1153 vivere.
1258 1094 1353 1153 Sic
1389 1095 1539 1152 enim
1576 1102 1826 1165 censent,
1852 1114 1953 1171 op-

262 1177 637 1254 portunitatis
677 1196 798 1234 esse
851 1176 1015 1234 beate
1057 1175 1262 1233 vivere.
1346 1174 1549 1252 Itaque
1598 1194 1632 1231 a
1672 1175 1954 1251 sapientia

265 1256 629 1334 praecipitur,
655 1275 713 1313 se
735 1257 936 1333 ipsam,
956 1255 1004 1312 si
1027 1275 1163 1313 usus
1186 1255 1277 1325 sit,
1303 1255 1528 1332 sapiens
1556 1262 1622 1312 ut
1649 1255 1949 1331 relinquat.

265 1336 652 1405 Quamobrem
681 1355 810 1393 cum
835 1336 1102 1393 vitiorum
1129 1336 1240 1392 ista
1261 1336 1346 1392 vis
1374 1354 1489 1392 non
1514 1335 1605 1407 sit,
1629 1343 1695 1392 ut
1723 1354 1954 1392 causam

266 1418 509 1475 afferant
555 1417 760 1474 mortis
807 1416 1177 1485 voluntariae,
1213 1416 1576 1491 perspicuum
1635 1421 1737 1487 est,
1774 1416 1953 1473 etiam

267 1497 590 1568 stultorum,
612 1497 709 1574 qui
734 1496 907 1553 iidem
931 1496 1124 1552 miseri
1147 1495 1288 1565 sint,
1302 1494 1549 1552 officium
1582 1514 1704 1558 esse
1723 1514 1956 1553 manere

266 1578 328 1635 in
357 1577 490 1647 vita,
511 1577 561 1634 si
589 1578 705 1633 sint
731 1576 790 1633 in
821 1575 1034 1639 maiore
1062 1582 1226 1651 parte
1254 1594 1447 1632 earum
1475 1594 1682 1645 rerum,
1704 1594 1844 1652 quas
1872 1594 1957 1633 se-

267 1657 520 1716 cundum
574 1665 835 1713 naturam
887 1674 1007 1714 esse
1057 1654 1318 1713 dicimus.
1419 1654 1497 1712 Et
1546 1655 1817 1732 quoniam
1862 1675 1957 1712 ex-

268 1738 476 1795 cedens
503 1756 534 1795 e
562 1736 681 1794 vita
709 1743 767 1794 et
794 1754 1031 1793 manens
1063 1754 1242 1811 aeque
1270 1735 1443 1792 miser
1475 1742 1578 1805 est,
1595 1754 1707 1798 ‚nec
1736 1735 1957 1792 diutur-

270 1818 421 1875 nitas
449 1817 634 1910 magis
662 1816 714 1875 ei
735 1818 911 1873 vitam
942 1815 1280 1892 fugiendam
1307 1815 1465 1884 facit,
1489 1834 1604 1872 non
1636 1815 1758 1872 sine
1785 1834 1957 1872 causa
2044 1818 2050 1823 “

270 1897 534 1990 dicitur,
520 1898 607 1967 xis,
633 1897 731 1974 qui
759 1895 1018 1973 pluribus
1046 1894 1399 1952 naturalibus
1425 1895 1543 1952 frui
1570 1895 1811 1972 possint,
1832 1914 1957 1953 esse

269 1979 329 2035 in
359 1979 478 2036 vita
503 1976 870 2034 manendum.

349 2057 519 2115 XIX.
606 2062 698 2114 62.
744 2056 1038 2114 Pertinere
1087 2062 1279 2113 autem
1325 2054 1400 2113 ad
1442 2074 1563 2112 rem
1608 2054 1995 2123 arbitrantur,

271 2137 544 2212 intellegi,
570 2144 771 2194 natura
798 2136 937 2206 fieri,
957 2144 1023 2194 ut
1052 2135 1217 2193 liberi
1244 2156 1278 2193 a
1304 2134 1637 2212 parentibus
1658 2143 1952 2194 amentur·
1938 2179 1955 2201 ,

271 2237 306 2274 a
339 2236 453 2294 quo
487 2217 656 2274 initio
699 2217 1017 2308 profectam
1060 2234 1423 2273 communem
1459 2215 1697 2272 humani
1731 2215 1957 2288 generis

273 2298 602 2355 societatem
632 2296 1038 2373 persequimur.
1115 2295 1287 2364 Quod
1310 2295 1562 2373 primum
1588 2295 1841 2372 intellegi
1863 2294 1960 2352 de-

272 2376 371 2435 bet
391 2376 573 2453 figura
592 2375 978 2453 membrisque
995 2395 1318 2452 corporum,
1342 2394 1485 2467 quae
1506 2375 1628 2451 ipsa
1648 2375 1956 2445 declarant,

272 2457 610 2534 procreandi
638 2476 672 2514 a
697 2464 903 2514 natura
935 2456 1192 2513 habitam
1226 2475 1347 2514 esse
1375 2455 1672 2513 rationem.
1753 2454 1960 2532 Neque

274 2557 406 2595 vero
447 2537 588 2595 haec
629 2538 779 2595 inter
820 2556 879 2594 se
921 2554 1234 2613 congruere
1275 2544 1526 2613 possent,
1550 2542 1616 2593 ut
1656 2541 1858 2592 natura
1900 2541 1961 2592 et

273 2618 557 2695 procreari
581 2617 747 2675 vellet
774 2623 833 2674 et
860 2615 1025 2692 diligi
1054 2624 1380 2693 procreatos
1406 2634 1524 2672 non
1546 2621 1782 2673 curaret.
1843 2616 1961 2671 *At-

275 2717 386 2775 que
415 2699 586 2755 etiam
617 2698 675 2754 iu
700 2696 898 2754 bestiis
919 2696 1004 2752 vis
1033 2704 1268 2754 naturae
1290 2695 1538 2772 perspici
1559 2701 1781 2772 potest3
1826 2713 1962 2771 qua-

275 2797 402 2834 rum
430 2777 490 2834 in
521 2778 647 2835 fetu
676 2784 734 2835 et
762 2777 823 2833 in
852 2775 1192 2834 educatione
1211 2775 1465 2833 laborem
1495 2794 1629 2832 eum
1656 2775 1959 2843 cernimuS,

276 2863 510 2913 naturae
553 2857 735 2933 ipsius
782 2875 982 2913 vocem
1027 2856 1289 2913 videmur
1344 2854 1556 2916 audire.
1658 2854 1846 2923 Quare
1893 2862 1963 2911 ut

275 2935 642 3011 perspicuum
685 2942 787 3006 est,
818 2942 1023 2992 natura
1061 2954 1171 2992 nos
1213 2954 1246 2991 a
1295 2934 1492 2992 dolore
1538 2933 1855 3005 abhorrere,
1880 2935 1963 2991 sic

278 3020 531 3088 apparet,
556 3034 590 3070 a
616 3020 821 3071 natura
847 3014 988 3090 ipsa,
1012 3021 1078 3071 ut
1100 3033 1213 3085 θοε,
1236 3033 1380 3091 quos
1407 3015 1790 3090 genuerimus,
1815 3033 1966 3079 ame-

278 3110 424 3158 muS‚
448 3092 682 3167 impelli.
769 3099 861 3150 63.
906 3093 993 3150 Ex
1034 3093 1147 3150 hoc
1188 3094 1457 3165 nascitur,
1487 3101 1554 3151 ut
1595 3095 1770 3152 etiam
1811 3113 1965 3152 com-

279 3169 472 3225 munis
511 3170 815 3227 hominum
863 3172 1013 3229 inter
1059 3172 1325 3231 homines
1366 3174 1639 3231 naturalis
1689 3176 1764 3233 sit
1811 3193 1966 3231 com-
