2259 3467
763 115 902 164 ΜΒ.
933 114 1022 176 V.‚
1053 114 1209 163 CAP.
1240 114 1580 164 xv.-xv11.
1913 116 2009 163 165

322 236 610 275 summum
642 216 894 288 bonum;
940 215 1095 293 quod
1124 216 1629 274 certeuniversum
1668 235 1769 273 sua
1801 224 2009 293 sponte

321 298 512 376 ipsum
561 298 755 375 expeti
804 304 863 357 et
910 306 1148 373 propter
1196 316 1255 354 se
1304 315 1531 353 neeesse
1585 303 1688 367 est,
1735 296 2007 374 quoniam

320 386 453 437 ante
495 377 953 435 demonstratum
995 383 1099 448 est,
1137 376 1311 434 etiam
1360 376 1613 453 singulas
1655 376 1777 434 eius
1817 384 2009 454 partes

319 478 441 516 esse
469 477 573 535 per
599 476 659 515 se
692 456 1055 534 expetendas,
1143 462 1237 514 45.
1274 456 1343 513 In
1378 457 1780 515 enumerandis
1812 463 2003 514 autem

318 538 576 616 corporis
618 536 941 596 commodis
984 537 1032 594 si
1073 537 1204 613 quis
1251 538 1709 614 praetermissam
1757 556 1792 594 a
1839 536 2007 594 nobis

316 619 676 695 voluptatem
705 616 950 694 putabit,
974 617 1034 673 in
1064 616 1222 675 aliud
1250 627 1480 693 tempus
1513 637 1580 675 ea
1608 617 1867 694 quaestio
1896 618 2006 675 dif-

315 700 550 757 feratur.
635 698 849 757 Utrum
881 697 1034 755 enim
1065 697 1141 755 sit
1169 697 1435 775 voluptas
1463 698 1521 755 in
1551 698 1624 755 iis
1654 696 1841 768 rebuS‚
1865 717 2006 775 quas

317 780 532 855 primas
574 779 888 837 secundum
930 783 1192 835 naturam
1235 797 1358 836 esse
1391 777 1659 848 diximuS,
1688 797 1867 836 necne
1910 778 2002 848 sit,

315 860 387 917 ad
420 859 497 930 id,
520 858 679 938 quod
706 859 947 937 agimuS,
967 857 1111 915 nihil
1142 858 1395 917 interest.
1481 857 1542 916 Si
1572 858 1744 930 enim,
1763 865 1830 916 ut
1859 858 2003 916 mihi

317 940 550 1016 quidem
586 940 828 1010 videtur,
858 958 974 996 non
1019 938 1213 1015 explet
1252 938 1406 996 bona
1450 945 1684 996 naturae
1718 937 2000 1015 voluptaS,
2080 982 2084 986 .

314 1019 438 1077 iure
487 1020 886 1097 praetermissa
926 1025 1046 1089 est3
1095 1019 1186 1076 sin
1235 1025 1427 1076 autem
1478 1027 1566 1077 est
1612 1018 1674 1076 in
1722 1037 1805 1091 ea,
1846 1018 2003 1096 quod
2082 1087 2088 1094 Ι

316 1100 550 1176 quidam
580 1099 800 1170 volunt,
826 1098 971 1157 nihil
1003 1099 1252 1176 impedit
1279 1098 1427 1157 hanc
1459 1106 1712 1157 nostram
1749 1118 2006 1176 compre-

313 1179 650 1237 hensionem
687 1180 898 1238 summi
930 1179 1105 1252 boni;
1150 1199 1295 1257 quae
1328 1180 1479 1238 enim
1517 1178 1831 1248 constituta
1868 1187 2004 1238 sunt

312 1262 502 1337 prima
530 1267 781 1331 naturae,
801 1261 876 1318 ad
903 1279 970 1318 ea
996 1260 1046 1318 si
1072 1260 1339 1339 voluptas
1365 1260 1677 1333 accesserit,
1698 1279 1875 1319 unum
1906 1261 2004 1319 ali-

315 1341 473 1417 quod
494 1341 791 1399 accesserit
819 1339 1194 1399 commodum
1221 1342 1477 1419 corporis
1504 1360 1691 1419 neque
1717 1360 1841 1399 eam
1872 1360 2003 1399 con-

313 1421 677 1479 stitutionem
720 1422 932 1479 summi
975 1420 1129 1493 boni,
1162 1441 1306 1499 quae
1347 1428 1435 1480 est
1475 1421 1789 1499 proposita,
1822 1429 2004 1479 muta-

312 1502 473 1559 verit.

392 1581 593 1640 XVII.
678 1586 773 1639 46.
811 1581 888 1639 Et
914 1582 1102 1640 adhuc
1131 1581 1365 1659 quidem
1397 1581 1479 1639 ita
1507 1579 1674 1639 nobis
1701 1600 2014 1662 progressa·

313 1663 459 1720 ratio
489 1670 591 1733 est,
616 1669 683 1719 ut
716 1681 784 1720 ea
811 1661 1113 1719 duceretur
1141 1662 1329 1719 omnis
1362 1681 1397 1719 a
1424 1661 1611 1737 prima
1638 1662 2000 1720 commenda·

312 1743 471 1800 tione
498 1749 751 1802 naturae.
836 1741 895 1799 N
898 1761 1007 1801 unc
1028 1750 1219 1800 autem
1245 1741 1402 1799 aliud
1421 1743 1536 1799 iam
1559 1742 2000 1818 argumentandi

312 1842 617 1899 sequamur
648 1842 846 1899 genuS‚
878 1829 945 1879 ut
978 1842 1095 1879 non
1138 1821 1322 1880 solum
1359 1821 1495 1900 quia
1533 1840 1639 1878 nos
1672 1821 1996 1898 diligamuS,

312 1904 412 1961 sed
441 1903 577 1981 quia
603 1903 879 1980 cuiusque
905 1903 1087 1980 partis
1120 1910 1355 1960 naturae
1387 1909 1446 1960 et
1478 1902 1536 1959 in
1573 1920 1812 1979 corpore
1845 1910 1903 1960 et
1936 1903 1998 1960 in

310 1984 506 2041 animo
528 2002 630 2040 sua
653 2002 910 2060 quaeque
934 1983 1020 2040 vis
1041 1982 1132 2054 sit,
1154 1983 1367 2041 idcirco
1389 1982 1449 2039 in
1472 1981 1564 2039 his
1584 1981 1754 2040 rebus
1777 2002 2000 2041 summe

310 2071 508 2121 nostra
541 2071 747 2140 sponte
779 2082 1127 2121 moveamur.
1212 2062 1410 2141 Atque
1451 2069 1517 2120 ut
1558 2082 1593 2120 a
1633 2082 1871 2140 corpore
1912 2083 2001 2121 or-

310 2145 450 2214 diar,
476 2144 725 2215 videsne,
750 2150 831 2215 ut,
856 2143 904 2200 si
935 2162 1079 2221 quae
1107 2144 1167 2201 in
1198 2143 1472 2201 membris
1504 2163 1678 2221 prava
1710 2151 1811 2201 aut
1843 2143 1999 2202 debi-

309 2224 473 2282 litata
492 2231 592 2281 aut
610 2224 918 2281 imminuta
937 2224 1070 2295 sint,
1091 2224 1380 2283 occultent
1400 2224 1704 2282 homines?
1734 2232 1799 2282 ut
1822 2225 1995 2282 etiam

309 2304 662 2362 contendant
710 2311 768 2361 et
816 2303 1126 2374 elaborent,
1159 2305 1208 2362 si
1256 2303 1475 2363 efficere
1517 2304 1758 2380 possint,
1791 2311 1857 2362 ut
1897 2312 1999 2362 aut

307 2404 425 2442 non
470 2391 743 2461 appareat
784 2384 1040 2461 corporis
1081 2385 1287 2442 vitium
1330 2392 1432 2443 aut
1473 2404 1646 2461 quam
1689 2384 1995 2441 minimum

308 2472 597 2542 appareat,
627 2463 956 2540 multosque
998 2464 1172 2522 etiam
1208 2465 1438 2522 dolores
1476 2464 1788 2521 curationis
1829 2483 1998 2521 causa

307 2545 617 2622 perferant,
655 2551 736 2616 ut,
774 2545 821 2602 si
870 2545 994 2622 ipse
1036 2564 1173 2601 usus
1215 2543 1601 2602 membrorum
1651 2562 1770 2601 non
1817 2544 1997 2602 modo

307 2644 426 2681 non
466 2625 666 2696 maior,
699 2643 895 2682 verum
945 2625 1121 2684 etiam
1161 2625 1354 2682 minor
1392 2624 1625 2682 futurus
1666 2624 1758 2695 sit,
1795 2642 1993 2682 eorum

306 2712 503 2763 tamen
532 2705 750 2781 species
777 2705 850 2763 ad
880 2712 1140 2763 naturam
1171 2705 1526 2763 revertatur?
1590 2704 1841 2774 Etenim,
1861 2723 1993 2762 cum

307 2804 509 2843 omnes
537 2791 742 2843 natura
768 2791 927 2842 totos
959 2805 1018 2843 se
1051 2785 1405 2863 expetendos
1437 2790 1660 2861 putent,
1684 2804 1788 2842 nec
1823 2784 1882 2842 id
1918 2784 1997 2842 ob

306 2865 477 2923 aliam
513 2885 651 2937 rem,
683 2865 783 2923 sed
818 2872 1054 2943 propter
1085 2866 1260 2943 ipsos,
1283 2884 1511 2923 necesse
1544 2871 1630 2922 est
1664 2865 1787 2922 eius
1819 2864 1994 2922 etiam

304 2951 500 3022 partes
527 2952 764 3023 propter
791 2965 849 3003 se
878 2945 1087 3022 expeti,
1113 2946 1271 3023 quod
1304 2945 1630 3003 universum
1667 2951 1901 3021 propter
1934 2964 1995 3002 se

306 3031 624 3102 expetatur.
712 3025 805 3083 47.
844 3025 1037 3094 Quid?
1075 3025 1136 3082 in
1172 3033 1334 3083 motu
1370 3031 1429 3082 et
1461 3024 1521 3081 in
1557 3031 1709 3082 statu
1739 3025 1995 3101 corporis

306 3105 451 3162 nihil
487 3106 653 3176 inest,
679 3105 836 3182 quod
871 3104 1443 3163 animadvertendum
1477 3123 1599 3161 esse
1633 3104 1759 3180 ipsa
1791 3112 1995 3161 natura

305 3185 560 3245 iudicet?
617 3184 1105 3263 quemadmodum
1157 3184 1285 3262 quis
1332 3183 1602 3256 ambulet,
1646 3183 1858 3257 sedeat,
1894 3185 1994 3261 qui
