2259 3467
258 106 355 154 126
427 103 529 153 DE
561 102 852 153 FINIBUS
884 101 1240 153 BONORUM
1272 101 1365 152 ΕΤ
1397 101 1777 154 MALORUM.
1871 162 1876 168 ,

257 201 471 282 dicere)
515 223 611 262 eas
643 202 954 262 sententias
994 203 1262 274 afferunt,
1292 210 1359 261 ut
1399 223 1685 261 summum
1726 204 1952 263 bonum

257 285 320 344 in
357 304 428 343 eo
468 303 676 362 genere
714 290 952 361 ponant,
984 282 1143 360 quod
1185 282 1261 340 sit
1293 290 1452 340 extra
1493 293 1745 341 nostram
1790 293 1954 361 pote-

258 373 485 437 statem,
515 371 811 441 tamquam
853 363 926 420 de
966 362 1226 420 inanimo
1267 362 1461 440 aliquo
1494 362 1820 441 loquantur,
1852 365 1953 423 alii

259 452 477 516 contra,
508 444 670 522 quasi
703 462 911 519 corpus
948 442 1170 500 nullum
1202 443 1278 501 sit
1311 441 1580 511 bominis
1610 444 1693 501 ita
1725 446 1955 521 praeter

259 525 518 584 animum
560 522 706 581 nihil
746 529 963 593 curant,
1000 542 1133 580 eum
1176 522 1513 600 praesertim
1553 523 1677 600 ipse
1720 543 1953 602 quoque

260 605 488 664 animus
528 622 644 660 non
689 602 857 660 inane
897 602 1092 660 nescio
1135 601 1275 679 quid
1318 603 1395 659 sit
1438 598 1650 680 (neque
1690 604 1844 661 enim
1889 604 1952 662 id

261 703 498 762 possum
531 679 906 760 intellegere),
930 682 1031 740 sed
1063 682 1124 740 in
1155 681 1405 761 quodam
1435 695 1643 759 genere
1676 684 1950 761 corporiS‚

262 772 330 823 ut
357 783 429 822 ne
461 764 513 822 is
546 763 778 841 quidem
813 763 1026 820 virtute
1054 781 1171 819 una
1196 769 1503 820 contentus
1531 763 1623 834 sit,
1648 763 1749 820 sed
1781 782 1956 841 appe·

262 851 352 904 tat
388 844 733 903 vacuitatem
777 842 1007 900 doloris.
1092 841 1482 911 Quamobrem
1524 843 1754 920 utrique
1794 842 1955 901 idem

264 925 506 996 faciunt,
535 930 602 981 ut
634 923 684 981 si
724 922 940 980 laevam
974 928 1196 999 partem
1240 921 1627 999 neglegerent,
1658 923 1955 981 dexteram

265 1012 579 1074 tuerentur,
603 1010 705 1061 aut
731 1002 914 1080 ipsius
940 1002 1136 1073 animi,
1161 1009 1228 1060 ut
1255 1002 1397 1059 fecit
1424 1001 1649 1074 Erillus,
1674 1004 1958 1080 cognitio-

266 1104 398 1143 nem
428 1082 904 1161 amplexarentur,
934 1082 1222 1140 actionem
1249 1082 1650 1159 relinquerent.
1735 1083 1957 1143 Eorum

266 1166 422 1223 enim
451 1164 729 1234 omnium,
750 1162 931 1220 multa
948 1162 1550 1240 praetermittentium,
1570 1162 1708 1220 dum
1739 1163 1960 1239 eligant

268 1243 504 1322 aliquid,
539 1243 698 1321 quod
747 1250 1071 1320 sequantur,
1107 1242 1272 1319 quasi
1318 1251 1482 1300 curta
1529 1243 1844 1314 sententia3
1896 1250 1961 1300 at

270 1344 405 1383 vero
448 1324 545 1382 illa
586 1323 840 1401 perfecta
887 1331 1061 1400 atque
1100 1323 1272 1400 plena
1312 1341 1529 1392 eorum,
1560 1323 1677 1400 qui,
1708 1342 1838 1381 cum
1884 1323 1960 1381 de

269 1404 524 1462 hominis
560 1422 789 1461 summo
821 1402 977 1460 bono
1011 1410 1362 1480 quaererent,
1393 1403 1607 1460 nullam
1650 1403 1709 1460 in
1752 1411 1822 1460 eo'
1863 1423 1963 1460 ne-

271 1504 384 1564 que
411 1484 590 1542 animi
618 1502 804 1561 neque
831 1483 1088 1560 corporis
1106 1490 1329 1560 partem
1360 1502 1597 1541 vacuam
1619 1482 1803 1542 tutela
1833 1483 1963 1541 reli-

272 1571 536 1644 querunt.
624 1564 721 1621 37.·
754 1563 880 1622 Vos
913 1569 1122 1635 autem,
1148 1562 1313 1635 Cato,
1346 1563 1480 1640 quia
1510 1564 1709 1634 virtuS,
1739 1570 1807 1621 ut
1839 1583 1965 1621 om-

274 1665 377 1704 nes
397 1646 663 1716 fatemur,
683 1643 1024 1701 altissimum
1047 1642 1240 1700 locum
1270 1642 1328 1700 in
1359 1642 1595 1700 homine
1623 1651 1682 1701 et
1708 1643 1964 1701 maxime

274 1726 643 1785 excellentem
687 1731 847 1782 tenet
895 1731 954 1780 et
995 1722 1153 1800 quod
1202 1742 1317 1794 eoS,
1349 1723 1449 1800 qui
1489 1723 1777 1800 sapientes
1805 1732 1971 1794 sunt-,⁴

275 1806 570 1876 absolutos
623 1811 684 1863 et
729 1804 1018 1881 perfectos
1065 1810 1354 1880 putamus»,
1400 1804 1582 1861 aciem
1637 1804 1966 1862 animorum

276 1894 602 1945 nostrorum
626 1885 855 1943 virtutis
875 1883 1179 1962 splendore
1199 1884 1634 1961 praestringitis.
1703 1884 1770 1941 In
1801 1883 1969 1941 omni

277 1967 430 2024 enim
461 1967 753 2024 animante
781 1972 869 2023 est
896 1975 1183 2022 summum
1214 1963 1431 2041 aliquid
1455 1972 1626 2041 atque
1654 1962 1978 2042 op‘timum,²

281 2054 347 2104 ut
387 2046 448 2103 in
489 2046 668 2123 equis,
700 2045 760 2102 in
793 2044 1046 2116 canibus,
1078 2043 1287 2123 quibus
1319 2051 1512 2101 tamen
1547 2052 1607 2102 et
1641 2044 1841 2102 dolore
1875 2064 1971 2102 va-

279 2145 407 2184 care
448 2145 595 2203 opus
634 2132 724 2183 est
763 2133 824 2183 et
864 2125 1080 2196 valere3
1121 2124 1207 2182 sic
1246 2124 1426 2200 igitur
1465 2123 1523 2181 in
1568 2124 1802 2182 homine
1843 2123 1980 2201 perss

280 2206 460 2264 sectio
495 2207 605 2263 ista
636 2205 698 2262 in
731 2225 803 2263 eo
834 2206 1221 2283 potissimum,
1251 2204 1409 2282 quod
1442 2211 1531 2263 est
1567 2206 1873 2282 optimum,
1907 2205 1971 2262 id

281 2294 386 2357 est,
410 2287 468 2343 in
498 2286 710 2344 virtute
736 2285 1015 2345 laudatur.
1101 2285 1305 2362 Itaque
1334 2284 1481 2342 mihi
1507 2286 1789 2343 non-satis
1816 2285 1974 2343 vidc-

283 2367 431 2424 mini
455 2365 835 2437 considerare,
853 2366 1010 2444 quod
1037 2366 1149 2423 iter
1180 2366 1257 2423 sit
1282 2372 1519 2423 naturae
1552 2385 1809 2443 quaeque
1840 2371 1978 2442 pro&

284 2447 519 2524 gressio,
603 2446 661 2504 N
663 2466 739 2504 on
773 2447 947 2517 enim,
972 2445 1129 2523 quod
1156 2446 1301 2504 facit
1331 2446 1390 2503 in
1422 2446 1703 2522 frugibus»,
1728 2452 1984 2517 ut,'cum·
2011 2471 2018 2474 “

285 2528 362 2585 ad
393 2527 609 2604 spicam
644 2526 975 2604 perduxerit
1007 2525 1079 2583 ab
1111 2526 1305 2597 herba,
1337 2525 1623 2603 relinquat
1659 2534 1718 2583 et
1749 2527 1863 2602 pro'
1890 2526 1979 2582 ni-

286 2608 409 2665 hilo
438 2607 645 2664 habeat
674 2606 926 2677 herbam,
950 2606 1105 2663 idem
1135 2606 1279 2663 facit
1310 2605 1369 2662 in
1402 2605 1654 2675 homine,
1678 2623 1808 2663 cum
1838 2623 1976 2662 eum

287 2688 361 2746 ad
391 2687 627 2745 rationis
654 2686 914 2743 habitum
947 2684 1231 2762 perduxit.
1316 2685 1558 2762 Semper
1589 2685 1740 2743 enim
1776 2685 1858 2742 ita
1893 2704 1981 2741 as-

289 2767 467 2825 sumit
494 2766 731 2843 aliquid,
752 2773 816 2823 ut
844 2785 925 2835 ea,
947 2784 1092 2842 quae
1122 2765 1309 2842 prima
1329 2765 1569 2836 dederit,
1592 2784 1709 2823 non
1732 2764 1989 2823 deserat.'

294 2852 387 2902 38.
433 2845 634 2921 Itaque
684 2845 942 2902 sensibus
990 2846 1271 2902 rationem
1322 2845 1587 2903 adiunxit
1635 2852 1710 2918 et,
1753 2845 1988 2903 ratione*

292 2925 514 2991 effecta,
545 2943 742 2980 sensus
780 2944 900 2981 non
942 2923 1189 3001 reliquit.
1274 2924 1363 2983 Ut
1402 2926 1453 2983 si
1494 2925 1718 2983 cultura
1749 2925 1981 2998 vitium,

295 3003 457 3059 cuius
476 3002 587 3058 hoe
614 3022 823 3060 munus
850 3010 954 3074 est,
974 3010 1041 3060 ut
1067 3002 1293 3073 efficiat,
1314 3012 1380 3062 ut
1399 3005 1534 3062 vitis
1554 3024 1684 3063 cum
1709 3004 1986 3063 omnibus

297 3079 556 3153 partibus
584 3082 701 3137 suis
728 3101 900 3157 quam
931 3083 1152 3159 optime
1180 3102 1240 3140 se
1269 3082 1677 3156 habeat,—sed
1707 3085 1788 3142 sio
1816 3084 1990 3142 intel·v

298 3158 554 3233 legamus
597 3154 757 3232 (licet
798 3161 969 3232 enim,
999 3168 1066 3219 ut
1105 3180 1210 3219 vos
1252 3181 1482 3241 quoque
1523 3164 1736 3237 soletis,
1765 3163 1989 3243 fingere
