2259 3467
307 96 372 145 το
468 93 571 143 m:
600 91 894 143 numus
925 79 1283 145 Bonosum
1317 93 1412 143 ET
1442 92 1822 144 MALORUM.

305 195 471 255 evelli
509 196 678 255 iussit
716 214 863 269 eam,
893 214 1008 274 qna
1046 202 1171 255 erat
1206 194 1529 269 transfixus,
1562 195 1804 255 hastam.
1902 195 1996 256 Ita

305 276 490 335 multo
541 276 815 353 sangvine
859 277 1116 354 profus0,
1153 276 1215 334 in
1259 275 1478 335 laetitia
1520 282 1580 335 et
1624 277 1862 335 victoria
1903 284 1994 337 est

303 365 580 414 mortuus.
664 356 949 415 Leonidas
990 363 1203 429 autem,
1245 376 1345 415 rex
1385 356 1990 430 Lacedaemoniorum,

305 456 364 494 se
404 436 466 493 in
499 435 905 515 Thermopylis
944 442 1344 515 trecentosque
1386 456 1501 508 e08,
1534 456 1678 515 quos
1717 437 1993 496 eduxerat

304 515 525 593 Sparta,
550 535 680 573 eum
715 523 863 575 esset
894 517 1195 595 proposita
1225 524 1327 576 aut
1352 516 1497 592 fuga
1523 517 1710 594 turpis
1741 523 1843 575 aut
1868 517 1994 594 glo·

303 596 454 653 riosa
499 615 671 669 mors,
701 597 980 674 opposuit
1018 596 1297 656 hostibus,
1399 595 1727 655 Praeclarae
1772 604 1992 656 mortes

303 682 438 734 sunt
469 675 886 753 imperatoriae,
917 676 1250 754 philosophi
1288 683 1482 735 autem
1516 677 1576 734 in
1615 678 1734 735 suis
1764 677 1991 735 lectulis

302 754 637 833 plerumque
696 756 1037 815 moriuntur.
1148 756 1352 816 Refert
1410 763 1622 829 tamen,
1673 758 1986 834 quomodo.

302 834 522 892 Beatus
543 835 654 893 sibi
676 835 904 893 videtur
922 855 1044 894 esse
1065 837 1331 896 moriens.
1389 836 1603 913 Magna
1629 837 1766 896 laus,
1827 835 1991 896 Com-

307 915 674 987 peueabatur,
709 915 916 993 inquit,
951 935 1082 973 cum
1129 918 1373 975 summis
1411 917 1704 974 doloribus
1743 916 1985 976 laetitia.

304 999 396 1052 98.
433 994 630 1053 Audio
659 995 924 1073 equidem
956 996 1291 1075 philosophi
1319 1016 1535 1076 vocem,
1560 996 1842 1074 Epicure3
1885 997 1989 1055 sed

301 1074 441 1150 quid
476 1074 585 1132 tibi
621 1075 930 1134 dicendum
969 1076 1061 1147 sit,
1093 1076 1307 1135 oblitus
1346 1095 1423 1135 es.
1507 1076 1770 1138 Primum
1810 1077 1985 1149 enim,

300 1154 351 1211 si
400 1173 531 1211 vera
582 1161 718 1212 sunt
764 1175 847 1225 ea,
888 1174 1130 1233 quorum
1182 1156 1577 1214 recordatione
1631 1161 1689 1213 te
1736 1156 1988 1231 gaudere

300 1233 462 1303 dicia,
493 1234 604 1292 hoe
648 1242 752 1306 est,
784 1235 832 1292 si
875 1254 1008 1293 vera
1050 1242 1187 1293 sunt
1228 1242 1330 1293 tua
1355 1235 1586 1312 -seripta
1628 1242 1689 1293 et
1732 1237 1984 1307 inventa,

299 1312 548 1390 gaudere
580 1333 699 1371 non
731 1321 931 1392 potes3
973 1314 1117 1372 nihil
1152 1315 1306 1373 enim
1341 1314 1455 1373 iam
1492 1314 1682 1386 habes,
1715 1315 1871 1393 quod
1910 1316 1985 1374 ad

299 1412 508 1469 corpus
547 1393 793 1467 referas;
835 1403 923 1453 est
960 1402 1154 1453 autem
1187 1414 1221 1453 a
1253 1402 1312 1452 te
1345 1414 1571 1472 semper
1606 1395 1846 1467 dictum,
1878 1414 1987 1455 nee

298 1473 925 1552 gaudere-quemquam
964 1475 1075 1532 nisi
1113 1481 1351 1553 propter
1388 1494 1597 1552 corpus
1633 1494 1739 1534 nee
1770 1475 1982 1535 dolere.

299 1553 648 1625 PraeteritiS,
672 1553 878 1632 inquit,
908 1554 1150 1632 gaudeo,
1234 1553 1589 1623 Quibusnam
1624 1556 1987 1633 praeteritis?

298 1633 349 1690 si
392 1633 466 1692 ad
509 1653 717 1712 corpus
744 1634 1201 1712 pertinentibuS,
1236 1634 1486 1693 rationes
1531 1641 1662 1693 tuas
1711 1642 1769 1694 te
1813 1635 1985 1694 video

296 1733 666 1792 compensare
698 1734 827 1773 cum
860 1714 985 1772 istis
1011 1713 1322 1786 doloribu8‚
1346 1734 1463 1773 non
1498 1716 1833 1773 memoriam
1863 1735 1987 1775 cor-

296 1813 437 1872 pore
480 1801 877 1872 perceptarum
923 1794 1324 1872 voluptatum3
1373 1794 1463 1852 sin
1507 1804 1699 1853 autem
1749 1795 1824 1854 ad
1864 1795 1987 1854 ani-

298 1893 475 1945 mum,
499 1874 707 1931 falsum
738 1882 841 1946 est,
867 1873 1024 1952 qnod
1056 1893 1233 1951 negas
1264 1874 1445 1932 animi
1476 1874 1657 1933 ullum
1692 1895 1814 1934 esse
1845 1896 1986 1953 gau-

297 1953 476 2022 dium,
508 1954 664 2031 quod
708 1973 823 2012 non
864 1955 1145 2013 referatur
1186 1953 1261 2013 ad
1300 1973 1523 2031 corpus,
1608 1954 1727 2013 Cur
1770 1956 1984 2015 deinde

296 2032 615 2091 Metrodori
647 2032 856 2091 liberos
887 2034 1296 2094 commendas?
1338 2033 1481 2112 quid
1507 2053 1572 2093 ex
1597 2034 1711 2093 isto
1744 2036 1981 2113 egregio

294 2121 400 2170 tuo
439 2111 628 2170 officio
661 2120 721 2171 et
752 2120 916 2171 tanta
946 2112 1060 2173 fide
1094 2110 1203 2190 (sic
1235 2114 1392 2173 enim
1424 2112 1718 2192 existimo)
1754 2115 1828 2173 ad
1859 2134 1983 2174 cor-

342 2211 406 2251 us
434 2193 648 2251 refers?

296 2212 335 2270 p
375 2271 607 2331 XXXI.
693 2278 786 2332 99.
831 2272 965 2332 Huc
1006 2279 1066 2332 et
1102 2272 1254 2346 illue,
1278 2273 1584 2352 Torquate,
1607 2293 1711 2332 vos
1743 2273 1982 2333 versetis

295 2352 468 2424 licet3
524 2351 669 2411 nihil
713 2354 773 2411 in
818 2353 924 2412 hac
967 2354 1253 2430 praeclara
1294 2354 1541 2432 epistula
1583 2354 1858 2432 scriptum
1904 2354 1980 2413 ab

296 2432 547 2509 Epicuro
580 2452 902 2511 congruens
932 2441 992 2491 et
1024 2434 1371 2493 conveniens
1397 2434 1640 2493 decretis
1671 2434 1794 2492 eius
1819 2453 1982 2513 repe-

296 2512 470 2570 rietis.
556 2512 647 2571 Ita
679 2512 1040 2589 redarguitur
1071 2513 1196 2590 ipse
1223 2534 1258 2572 a
1284 2534 1421 2585 sese,
1445 2514 1979 2592 convincunturque

295 2592 508 2668 scripta
539 2592 662 2650 eius
695 2592 984 2671 probitate
1016 2592 1199 2670 ipsius
1230 2613 1296 2652 ac
1329 2594 1602 2653 moribus.
1685 2593 1837 2651 Nam
1865 2594 1981 2653 ista

294 2672 720 2731 commendatio
761 2692 1086 2751 puerorum,
1123 2673 1401 2732 memoria
1440 2682 1501 2733 et
1540 2672 1746 2732 caritas
1784 2674 1981 2733 amiei-

294 2751 425 2823 tiae‚
456 2771 812 2811 summorum
851 2751 1171 2810 officiorum
1209 2753 1270 2811 in
1304 2761 1559 2812 extremo
1601 2753 1807 2831 spiritu
1845 2773 1982 2812 eon-

296 2830 540 2888 servatio
570 2831 823 2901 indicat,
872 2831 1131 2888 innatam
1180 2851 1302 2890 esse
1354 2832 1580 2891 homini
1626 2831 1978 2909 probitatem

296 2909 623 2983 gratuitam,
653 2929 773 2968 non
804 2910 1105 2967 invitatam
1139 2910 1531 2988 voluptatibus
1562 2931 1667 2969 nec
1700 2914 1980 2989 praemio·

297 3004 425 3042 rum
453 2987 810 3046 mercedibus
838 2995 1149 3046 evocatam.
1213 2989 1382 3058 Quod
1404 2990 1558 3048 enim
1579 2993 1977 3051 testimonium

298 3064 484 3121 maius
524 3067 863 3143 quaerimus,
900 3085 1045 3142 quae
1095 3065 1335 3125 honesta
1380 3075 1441 3125 et
1480 3077 1635 3127 reeta
1681 3072 1812 3141 sint,
1853 3072 1984 3149 ipsa

299 3160 421 3200 esse
462 3144 740 3220 optabilia
777 3163 880 3221 per
921 3163 1057 3217 sese,
1087 3164 1220 3203 cum
1259 3146 1551 3207 videamus
1588 3155 1752 3208 tanta
1792 3150 1984 3211 officia
