2259 3467
784 443 1026 505 LIBER
1072 444 1432 507 TERTIUS.

752 686 1463 758 ARGUMENTUM.

330 789 394 839 In
422 786 567 837 huius
593 786 706 836 libri
732 786 942 836 exordio
968 787 1162 848 Cicero,
1189 802 1427 835 conversa
1455 802 1623 836 rursus
1649 785 1715 836 ad
1740 787 1956 837 Brutum

265 855 508 915 oratione,
531 852 767 916 quoniam
789 852 1013 916 voluptas
1036 853 1286 914 superiore
1309 853 1433 901 libro
1455 853 1575 901 satis
1597 853 1857 902 confutata
1878 853 1957 911 sit,

266 919 509 968 acriorem
535 926 762 982 paratam
788 932 897 967 esse
923 919 997 966 ait
1023 932 1137 966 cum
1166 918 1347 968 Stoicis
1373 918 1769 975 contentionem3
1808 927 1961 981 atque

268 999 441 1033 eorum
465 982 734 1031 disserendi
759 997 914 1043 genus
940 997 1052 1030 cum
1081 984 1247 1045 ipsum
1274 983 1456 1032 subtile
1482 982 1547 1031 sit
1571 982 1646 1032 vel
1670 983 1832 1045 potius
1859 983 1959 1044 spi·

268 1063 465 1105 uosnm,
490 1057 598 1096 tum
625 1047 785 1096 multo
813 1046 1057 1096 difficilius
1084 1063 1194 1097 esse
1220 1047 1402 1096 Latine
1431 1047 1761 1111 loquentibus,
1783 1048 1959 1110 quibus

268 1115 424 1163 etiam
451 1128 581 1161 nova
606 1113 756 1161 verba
781 1112 1019 1175 parienda
1050 1121 1104 1161 et
1129 1128 1259 1161 nova
1286 1112 1432 1161 rebus
1464 1113 1605 1161 novis
1634 1113 1839 1161 nomina
1865 1113 1959 1160 im·

269 1178 500 1242 ponenda
532 1178 646 1226 sint.
732 1178 837 1227 Nec
872 1178 967 1226 hoc
1001 1177 1286 1226 mirandum
1319 1191 1442 1236 esse,
1471 1178 1725 1242 quoniam,
1757 1178 1798 1225 si
1833 1177 1961 1226 aliae

270 1245 425 1293 etiam
458 1251 590 1291 artes
622 1241 725 1291 suis
759 1251 810 1292 et
839 1242 1047 1305 propriis
1081 1251 1289 1291 utantur
1319 1243 1496 1303 νει-δίε,
1526 1242 1683 1291 multo
1715 1243 1768 1291 id
1801 1243 1961 1302 magis

270 1307 611 1371 philosophiae
643 1307 1014 1356 concedendum
1043 1307 1137 1368 sit;
1176 1317 1244 1368 et,
1271 1307 1313 1355 si
1337 1307 1544 1358 Graecis
1570 1307 1876 1372 philosophis
1902 1305 1961 1356 li:

271 1373 427 1422 cuerit
452 1373 516 1421 de
549 1373 695 1421 rebus
728 1386 826 1420 nou
861 1372 1140 1435 pervagatis
1169 1372 1335 1421 *verbis
1363 1381 1558 1436 quoque
1586 1374 1833 1422 inusitatis
1867 1373 1956 1435 uti,

271 1439 433 1498 magis
455 1438 506 1486 in
525 1437 708 1486 Latina
731 1436 895 1498 lingva
919 1436 1013 1486 boc
1036 1438 1189 1487 licere
1205 1437 1415 1498 debere;
1450 1447 1601 1501 atque
1623 1438 1773 1486 etiam
1797 1438 1962 1487 elabo-

273 1503 486 1551 randum
512 1516 634 1562 esse,
662 1510 717 1549 ut
748 1502 798 1550 in
833 1502 952 1564 ipsis
979 1503 1287 1553 Graecorum
1320 1502 1507 1551 artibus
1535 1503 1827 1551 Latinorum
1856 1518 1963 1551 ver-

273 1568 452 1617 borum
486 1567 631 1627 copia
663 1565 886 1616 Graecae
921 1566 1217 1629 respondeat
1250 1566 1314 1628 (c.
1344 1571 1389 1627 l,
1416 1567 1483 1629 2).
1556 1567 1754 1617 Deinde
1786 1568 1963 1617 Cicero

274 1632 496 1696 exponit,
526 1646 800 1688 sermonem
838 1631 931 1686 sibi
964 1631 1234 1695 aliquando
1266 1630 1330 1680 de
1363 1632 1642 1681 Stoicorum
1669 1633 1733 1681 de
1766 1647 1963 1681 summo

273 1698 408 1747 bono
441 1696 687 1746 sententia
718 1696 950 1745 incidisse
982 1711 1097 1745 cum
1131 1696 1205 1746 M.
1227 1696 1420 1746 Catone
1452 1696 1503 1744 in
1538 1697 1654 1746 villa
1680 1697 1965 1746 Tusculana

273 1762 474 1812 ‘Luculli
497 1762 561 1824 (c.
583 1765 630 1822 2,
653 1761 720 1822 3).
794 1762 923 1810 Nam
955 1776 1070 1809 cum
1095 1761 1224 1809 Cato
1251 1762 1415 1810 minus
1442 1761 1533 1810 sibi
1561 1763 1756 1824 probari
1779 1762 1963 1822 signifi-

274 1835 452 1887 casset,
479 1826 615 1889 quod
648 1826 825 1875 Cicero
857 1841 958 1874 non
991 1827 1056 1875 ad
1091 1826 1301 1886 Stoicos,
1330 1826 1417 1875 sed
1452 1826 1517 1875 ad
1550 1827 1881 1876 Academicos
1913 1836 1965 1876 et

275 1891 637 1955 Peripateticos
680 1906 734 1940 se
778 1891 1129 1952 inclinavisset‚
1168 1890 1344 1941 Cicero
1386 1899 1556 1940 autem
1606 1893 1736 1941 inter
1780 1892 1873 1939 hos
1914 1900 1967 1941 et

277 1958 473 2008 Stoicos
519 1956 822 2016 verborum‚·
844 1970 944 2004 non
993 1971 1159 2005 rerum
1202 1965 1451 2005 certamen
1495 1971 1603 2006 esse
1646 1956 1869 2017 dixisset,
1913 1964 1967 2005 et

278 2022 487 2083 Stoicos,
512 2021 555 2070 si
582 2022 840 2069 verborum
867 2021 1178 2083 splendorem
1207 2035 1260 2069 re
1285 2021 1510 2084 persequi
1538 2022 1731 2080 vellent,
1760 2022 1812 2070 in
1840 2022 1965 2085 Pyr-

276 2087 449 2135 rhonis
480 2094 531 2136 et
563 2086 814 2134 Aristonis
849 2086 971 2134 vitia
1008 2086 1241 2146 incidere,
1271 2096 1325 2134 ut
1363 2100 1528 2134 rerum
1562 2086 1874 2135 selectionem
1915 2093 1967 2135 et

278 2151 440 2214 ipsam
472 2151 706 2200 virtutem
738 2150 980 2212 tollerent,
1003 2151 1267 2211 Catonem,
1289 2160 1345 2199 ut
1377 2150 1670 2201 Ciceronem
1702 2167 1800 2200 non
1835 2159 1968 2201 recte

279 2217 501 2265 iudicare
526 2215 821 2277 ostenderet,
846 2225 1003 2265 totam
1027 2216 1243 2265 Zenonis
1267 2214 1644 2279 Stoicorumque
1670 2216 1968 2266 sententiam

281 2282 532 2345 explicare
556 2295 843 2341 aggressum
867 2295 975 2329 esse
996 2281 1057 2343 (c.
1084 2284 1130 2342 3,
1155 2280 1223 2342 4).
1295 2282 1374 2329 Ea
1395 2282 1662 2344 explicatio
1684 2280 1967 2330 huiusmodi

281 2355 391 2395 est:
436 2345 599 2396 Omne
637 2346 839 2406 animal,
870 2345 1015 2394 simul
1057 2356 1210 2410 atque
1252 2355 1425 2394 uatum
1464 2356 1553 2407 est,
1587 2362 1640 2395 se
1678 2360 1969 2396 conservare

282 2411 451 2460 studet
494 2419 544 2459 et
586 2425 731 2459 suum
772 2418 973 2471 statum,
1009 2425 1233 2475 quaeque
1276 2412 1384 2459 eius
1426 2419 1583 2460 status
1626 2411 1971 2461 conservantia

284 2483 416 2536 sunt,
443 2475 641 2536 diligit3
686 2476 739 2523 in
772 2474 848 2523 bis
882 2476 1042 2536 rebus,
1065 2491 1190 2539 quas
1222 2484 1399 2524 natura
1432 2477 1618 2539 primas
1650 2478 1855 2538 appetit,
1883 2491 1970 2524 vo-

282 2540 446 2603 luptas
469 2555 568 2588 non
593 2547 683 2600 est,
706 2549 781 2588 est
801 2540 1055 2601 integritas
1077 2541 1295 2602 corporis
1321 2541 1524 2604 eiusque
1548 2543 1780 2605 partium,
1803 2555 1971 2590 rerum

282 2605 590 2666 cognitiones
611 2617 839 2668 artesque
861 2604 922 2666 (c.
945 2606 1012 2667 5).
1065 2606 1195 2654 Cum
1220 2605 1369 2667 igitur
1391 2606 1517 2656 aliae
1540 2622 1618 2656 res
1638 2605 1971 2656 aestimabiles

284 2671 400 2730 sint,
419 2670 552 2732 quod
575 2679 664 2717 aut
686 2671 954 2719 secundum
980 2678 1209 2720 naturam
1233 2679 1348 2720 sunt
1368 2682 1453 2719 aut
1475 2671 1576 2721 tale
1597 2672 1716 2735 quid
1737 2670 1971 2729 efficiunt,

283 2735 415 2784 aliae
451 2734 851 2795 inaestimabiles,
877 2750 1004 2797 quae
1041 2736 1139 2785 illis
1176 2736 1453 2786 contrariae
1490 2746 1622 2797 sunt,
1652 2733 1766 2785 illae
1803 2744 1972 2784 autem

284 2800 573 2861 sumendae,
600 2800 694 2848 hae
724 2801 999 2849 reiciendas
1033 2802 1145 2863 sint,
1171 2803 1388 2865 primum
1421 2809 1499 2851 est
1525 2801 1740 2850 officium
1768 2815 1823 2849 se
1854 2814 1973 2849 cou-

285 2880 498 2927 servare,
523 2864 704 2914 deinde
736 2865 944 2927 seligere
967 2881 1042 2921 ea,
1068 2880 1195 2929 quae
1228 2866 1499 2916 secundum
1527 2873 1755 2914 naturam
1782 2864 1898 2924 sint,
1920 2870 1974 2913 et

284 2931 470 2979 reicere
490 2930 768 2991 contraria3
808 2946 924 2979 cum
943 2941 1110 2980 autem
1132 2932 1226 2979 hoc
1249 2938 1534 2979 constanter
1554 2936 1606 2978 et
1626 2938 1836 2977 naturae
1855 2943 1973 2978 cou-

284 2996 544 3044 venienter
564 2994 639 3055 fit,
660 3003 768 3043 tum
792 2996 995 3045 demum
1019 2995 1239 3054 intellegi
1262 2994 1451 3056 incipit,
1472 2993 1592 3056 quid
1615 2994 1681 3042 sit
1696 2994 1899 3054 bonum,
1922 2999 1975 3042 et

285 3058 383 3107 hoc
416 3059 577 3121 ipsum
617 3060 808 3109 adesse.
888 3060 1021 3109 Nam
1057 3060 1154 3108 hac
1186 3061 1294 3122 ipsa
1332 3058 1673 3107 convenientia
1708 3058 1973 3107 honestum

285 3124 584 3186 continetur,
607 3124 742 3189 quod
774 3132 827 3175 et
859 3139 1116 3174 summum
1145 3132 1197 3173 et
1225 3138 1378 3172 unum
1406 3123 1593 3172 bouum
1626 3131 1703 3173 est
1731 3131 1783 3173 et
1813 3122 1975 3172 solum
