2259 3467
739 103 884 154 LIB.·
910 102 1000 165 ΙῙ.,
1030 103 1189 153 ΟΑΡ.
1219 102 1641 152 XXIII.-XXV.
1976 101 2043 152 63

345 203 599 263 tinebisl
637 204 735 281 qui
764 203 1072 262 convenit?
1111 203 1253 281 quid
1276 203 1429 261 enim
1452 202 1525 260 de
1554 201 1808 260 amicitia
1835 208 2043 261 statue-

345 286 425 343 ris
452 284 725 343 utilitatis
752 303 922 349 causa
950 283 1287 361 expetenda,
1314 283 1488 341 vides,
1577 283 1612 311 ‘⁴
1632 282 1690 340 N
1692 302 1723 340 e
1753 283 1811 339 in
1840 282 2040 340 odium

346 366 592 436 veniam,
630 365 679 422 si
729 365 979 422 amicum
1022 363 1298 422 destitero
1340 364 1505 421 tueri
1510 361 1544 389 ”
1629 362 1892 420 Primum
1942 382 2044 421 cur

345 445 457 503 ista
491 464 580 502 res
608 444 787 522 digna
821 444 957 502 odio
990 451 1095 515 est,
1120 444 1232 501 nisi
1263 443 1421 521 quod
1449 450 1536 501 est
1564 442 1787 519 turpis?
1870 442 2041 512 Quod

347 525 412 596 si,
449 544 522 581 ne
561 544 677 602 quo
716 524 1089 582 incommodo
1130 522 1396 594 afficiare,
1426 542 1544 581 non
1577 523 1864 600 relinques
1904 524 2042 581 ami-

346 624 496 675 cum,
521 612 734 674 tamen,
760 624 832 661 ne
860 604 984 662 sine
1009 605 1206 662 fructu
1236 602 1504 680 alligatus
1531 602 1625 673 siS,
1648 611 1715 661 ut
1744 603 2038 675 moriatur,

348 685 593 762 optabis.
680 684 852 753 Quid,
885 684 934 741 si
968 703 1082 742 non
1123 683 1301 741 modo
1337 683 1647 741 utilitatem
1681 683 1790 741 tibi
1825 683 2039 741 nullam

347 766 565 837 afferet,
603 764 702 822 sed
745 764 994 822 iacturae
1039 764 1123 821 rei
1166 763 1467 821 familiaris
1507 770 1675 821 erunt
1716 763 2038 833 faciundae,

347 844 570 903 labores
613 843 980 921 suscipiendi,
1012 843 1344 902 adeundum
1379 844 1530 901 vitae
1569 843 1928 920 periculum?
1970 863 2044 901 ne

347 934 473 983 tum
511 924 744 1002 quidem
780 933 839 982 te
877 924 1147 1000 respicies
1188 931 1248 981 et
1280 923 1579 1000 cogitabiS‚
1611 923 1719 980 sibi
1755 942 2042 1002 quemquo

348 1014 548 1062 natum
579 1023 701 1062 esse
729 1013 787 1061 et
815 1004 934 1061 suis
963 1003 1394 1081 voluptatibus?
1450 1003 1675 1063 Vadem
1705 1012 1762 1061 te.
1791 1005 1865 1062 ad
1897 1024 2044 1061 mor·

347 1093 468 1143 tem
511 1093 759 1161 tyranno
802 1083 967 1142 dabis
1007 1103 1113 1161 pro
1157 1084 1360 1155 amico,
1391 1091 1459 1141 ut
1499 1083 1901 1160 Pythagoreus
1950 1084 2045 1141 ille

349 1164 543 1224 Siculo
577 1164 721 1222 fecit
753 1173 1017 1241 tyrannO,
1048 1171 1167 1235 aut,
1198 1163 1447 1240 Pylades
1487 1183 1619 1222 cum
1663 1166 1757 1236 εἰει,
1787 1164 1944 1222 dices
1984 1173 2044 1222 te

348 1265 470 1304 esse
519 1245 779 1315 Oresten,
819 1254 886 1303 ut
923 1245 1184 1302 moriare
1232 1263 1337 1321 pro
1391 1245 1596 1315 amicO,
1635 1252 1753 1316 aut,
1793 1246 1843 1302 si
1893 1263 2044 1302 esses

347 1325 595 1397 Orestes,
640 1325 922 1402 Pyladem
971 1324 1277 1396 refelleres,
1318 1332 1377 1382 te
1424 1324 1723 1397 indicares,
1763 1332 1838 1396 et,
1884 1325 1932 1382 si
1982 1324 2044 1383 id

348 1425 465 1463 non
500 1404 787 1483 probares,
813 1425 928 1483 quo
962 1405 1158 1463 minus
1189 1405 1361 1463 ambo
1389 1424 1504 1463 una
1535 1405 1899 1478 necaremini,
1927 1424 2044 1463 non

348 1486 677 1564 precarerel

430 1565 629 1623 XXV.
716 1569 809 1622 80.
856 1563 1090 1622 Faceres
1142 1570 1207 1621 tu
1265 1563 1516 1641 quidem,
1553 1563 1860 1643 Torquate,
1904 1564 2045 1623 haec

352 1646 585 1716 omnia3
636 1643 781 1700 nihil
830 1644 986 1700 enim
1035 1642 1281 1700 arbitror
1323 1662 1535 1719 magna
1581 1643 1749 1702 laude
1800 1645 2044 1722 dignum

354 1741 493 1793 esse,
525 1722 681 1800 quod
724 1730 785 1781 te
835 1722 1367 1799 praetermissurum
1413 1722 1639 1780 credam
1689 1732 1790 1782 aut
1841 1725 2047 1782 mortis

354 1811 454 1860 aut
495 1802 711 1860 doloris
751 1811 928 1860 metu.
1013 1801 1148 1860 Non
1194 1802 1483 1879 quaeritur
1524 1809 1735 1871 autem,
1770 1804 1910 1882 quid
1953 1823 2047 1861 na-

353 1893 516 1940 turae
556 1891 690 1940 tuac
739 1889 1186 1941 consentaneum
1228 1882 1320 1952 sit,
1362 1882 1463 1940 sed
1506 1883 1646 1960 quid
1691 1884 2042 1961 disciplinae.

353 1961 527 2020 Ratio
566 1963 691 2033 ista,
716 1982 889 2040 quam
927 1961 1211 2034 defendis,
1242 1970 1560 2039 praecepta,
1588 1981 1732 2041 quae
1770 1964 2043 2037 didicisti,

354 2061 499 2121 quae
540 2042 766 2119 probaS,
802 2042 1069 2100 funditus
1113 2050 1379 2100 evertunt
1419 2043 1751 2116 amicitiam,
1785 2045 2046 2122 quamvis

352 2142 476 2180 eam
522 2122 822 2197 Epicurus,
854 2130 920 2180 ut
959 2122 1119 2193 facit,
1151 2123 1211 2180 in
1254 2122 1473 2180 caelum
1517 2125 1719 2182 efferat
1761 2124 2041 2183 laudibus.

355 2203 487 2260 “At
506 2202 687 2261 coluit
706 2204 831 2279 ipse
858 2202 1196 2261 amicitiaS.''
1259 2202 1420 2273 Quis,
1436 2223 1664 2280 quaeSO,
1685 2205 1848 2263 illum
1871 2213 2045 2281 negat

353 2290 413 2340 et
443 2282 659 2340 bonum
687 2284 874 2340 virum
902 2290 963 2341 et
989 2302 1214 2341 comem
1244 2291 1304 2341 et
1331 2282 1649 2342 humanum
1678 2286 1893 2344 fuisse?
1952 2285 2045 2343 De

352 2363 588 2439 ingenio
621 2363 744 2421 eius
777 2364 835 2420 in
873 2363 962 2421 his
996 2363 1504 2440 disputationibus„
1530 2383 1645 2422 non
1681 2365 1753 2423 de
1786 2365 2045 2423 moribus

355 2444 659 2520 quaeritur.
732 2443 823 2500 Sit
845 2443 954 2500 ista
972 2443 1033 2500 iu
1055 2443 1405 2501 Graecorum
1428 2443 1659 2502 levitate
1686 2446 2043 2521 perversitas„

354 2523 454 2599 qui
497 2521 817 2581 maledictis
852 2523 1205 2581 insectantur
1244 2542 1360 2593 coe,
1390 2542 1425 2581 a
1458 2524 1667 2602 quibus
1698 2524 1771 2582 dc
1805 2525 2045 2583 veritate

353 2602 718 2660 dissentiunt.
803 2602 917 2661 Sed
953 2604 1216 2680 quamvis
1255 2603 1438 2661 comis
1477 2605 1536 2661 in
1580 2604 1781 2662 amicis
1813 2605 2045 2663 tuendis

352 2682 546 2753 fuerit,
570 2689 784 2755 tamen,
808 2683 855 2740 si
886 2682 1023 2741 haec
1057 2702 1189 2740 vera
1221 2690 1356 2741 sunt
1386 2677 1555 2756 (nihil
1586 2684 1741 2741 enim
1774 2683 2041 2760 affi1·‚mo)
2057 2691 2064 2698 ‘

353 2780 472 2819 non
522 2763 661 2821 satis
707 2770 911 2821 acutus
957 2762 1090 2821 fuit.
1178 2763 1318 2820 “At
1365 2763 1565 2821 multis
1611 2783 1671 2821 sc
1721 2764 2000 2840 probavit
2007 2764 2040 2792 '’

356 2848 450 2901 81.
494 2842 572 2900 Et
601 2843 879 2921 quidem
865 2862 986 2910 iure
1014 2843 1292 2912 fortasse3
1336 2842 1436 2900 sed
1464 2850 1655 2900 tamen
1687 2862 1803 2900 uon
1834 2845 2045 2920 gravis-

352 2923 563 2980 simum
595 2931 682 2981 est
709 2923 1105 2981 testimonium
1138 2922 1543 2980 multitudinis.
1608 2922 1677 2979 In
1700 2925 1860 2980 omni
1889 2925 2042 2982 enim

351 3009 473 3062 arte
502 3003 590 3061 vel
620 3003 813 3062 studio
843 3002 930 3061 vel
956 3003 1156 3080 quavis
1183 3001 1439 3072 scicntia,
1461 3001 1546 3058 vel
1577 3002 1635 3059 in
1665 3002 1789 3079 ipsa
1812 3004 2040 3072 virtute,

351 3084 641 3161 optimum
667 3084 920 3161 quidque
949 3082 1300 3139 rarissimum
1331 3088 1433 3138 est.
1505 3082 1591 3139 Ac
1620 3082 1765 3139 mihi
1789 3083 2040 3160 quidem,

351 3163 529 3242 quod·
560 3171 620 3223 et
660 3163 784 3241 ipse
827 3163 1014 3221 bonus
1063 3162 1151 3219 vir
1190 3161 1307 3219 fuit
1356 3169 1414 3217 et
1461 3161 1629 3218 multi
1673 3161 1941 3239 Epicurei
1983 3170 2046 3218 et
