2259 3467
264 101 360 149 122
431 98 532 148 DE
564 95 854 147 FINIBUS
885 94 1242 147 BONORUM
1271 94 1366 145 ET
1398 93 1777 146 MALORUM.

261 220 386 272 noS,
423 198 619 277 quales
667 204 899 276 oportet
946 216 1086 268 esse,
1121 216 1425 255 servemus,
1510 196 1722 255 Sumus
1769 196 1953 275 igitur

261 280 560 352 homines3
595 298 666 337 ex
693 278 888 336 animo
916 284 1247 336 constamus
1273 283 1333 335 et
1359 296 1614 354 corpore,
1641 296 1785 356 quae
1812 285 1952 337 sunt

263 360 557 419 cuiusdam
593 359 772 429 modi,
802 377 1022 436 nosque
1064 364 1313 434 oportet,
1342 364 1409 414 ut
1441 357 1632 434 prima
1662 357 1950 435 appetitio

263 439 536 498 naturalis
581 439 854 518 postulat,
888 437 1030 497 haec
1078 436 1318 514 diligere
1367 436 1827 515 constituereque
1876 456 1950 496 ex

262 521 354 578 his
386 519 558 578 finem
594 519 754 577 illum
791 517 1003 577 summi
1036 518 1177 576 boui
1208 524 1381 595 atque
1415 516 1640 589 ultimi3
1684 537 1875 595 quem,
1900 519 1951 576 si

261 601 449 679 prima
480 619 613 658 vera
644 605 794 670 sunt,
825 599 908 657 ita
940 598 1215 656 constitui
1246 616 1474 655 necesse
1507 604 1611 669 est,
1636 616 1827 656 earum
1865 617 1950 656 re-
2011 615 2015 618 ·

262 700 408 753 rum,
434 698 578 759 quae
607 679 723 738 sint
751 678 1065 736 secundum
1094 685 1377 749 naturam,
1402 696 1574 755 quam
1609 677 1857 755 plurima
1890 684 1951 736 et

222 777 226 781 ·
263 779 437 839 quam
469 759 722 818 maxima
760 758 1017 836 adipisci.
1103 763 1199 816 26.
1236 757 1412 816 Hunc
1444 758 1625 834 igitur
1655 757 1828 816 finem
1862 756 1950 816 illi

261 848 586 912 tenuerunt,
611 839 880 918 quodque
913 858 1023 915 ego
1055 837 1318 917 pluribus
1352 837 1553 910 verbis,
1583 837 1669 896 illi
1703 837 1947 909 brevius,

263 921 577 980 secuudum
613 927 876 978 naturam
909 919 1115 988 vivere,
1147 918 1258 976 hoc
1299 918 1372 976 iis
1405 917 1687 976 bonorum
1721 917 1952 976 videba-

262 1009 358 1060 tur
384 1009 721 1060 extremum.

342 1081 449 1140 XI.
522 1081 649 1159 Age
690 1099 842 1139 nunc
882 1078 982 1137 isti
1022 1078 1285 1150 doceant,
1315 1078 1405 1136 vel
1447 1085 1513 1136 tu
1554 1077 1749 1155 potius
1791 1072 1952 1155 (quis

261 1162 418 1220 euim
445 1161 557 1219 ista
584 1160 788 1218 melius
804 1157 869 1237 2),
893 1178 1147 1237 quonam
1182 1158 1359 1216 modo
1391 1158 1466 1216 ab
1497 1158 1704 1216 iisdem
1738 1158 1951 1235 princi·

263 1242 376 1320 piis
404 1240 650 1319 profecti
677 1239 953 1311 efficiatis,
976 1246 1043 1297 ut
1070 1239 1311 1297 honeste
1339 1238 1527 1297 vivere
1557 1234 1645 1313 (id
1676 1246 1765 1297 est
1791 1238 1951 1296 enim

263 1321 352 1380 vel
392 1340 425 1379 e
463 1321 673 1379 virtute
709 1320 800 1378 vel
840 1326 1077 1378 naturae
1117 1326 1500 1397 congruenter
1540 1315 1753 1394 vivere)
1798 1337 1952 1376 sum-

261 1421 424 1460 mum
453 1401 667 1459 bonum
699 1401 790 1473 sit,
815 1408 874 1459 et
903 1419 1152 1478 quonam
1190 1399 1368 1457 modo
1395 1406 1496 1457 aut
1523 1416 1640 1476 quo
1667 1398 1796 1457 loco
1829 1417 1954 1457 cor-

264 1502 373 1561 pus
401 1481 593 1540 subito
621 1480 982 1540 deserueritis
1010 1479 1317 1557 omniaque
1344 1498 1427 1551 ea,
1447 1498 1609 1557 quac,
1633 1477 1952 1537 secundum

263 1570 525 1622 naturam
567 1581 701 1621 cum
742 1562 873 1633 sint,
905 1560 1096 1619 absint
1128 1580 1163 1618 a
1195 1567 1392 1618 nostra
1423 1565 1726 1637 potestate,
1756 1558 1954 1636 ipsum

263 1643 511 1721 denique
539 1641 807 1703 officium.
892 1639 1116 1710 Quaero
1147 1640 1340 1717 igitur,
1366 1640 1661 1718 quomodo
1690 1638 1796 1697 hae
1826 1647 1954 1697 tan-

262 1730 357 1782 tae
385 1722 915 1782 commendationes
941 1740 976 1779 a
1007 1727 1212 1778 natura
1242 1720 1536 1797 profectae
1570 1718 1762 1778 subito
1797 1738 1832 1776 a
1864 1738 1949 1776 sa-

264 1803 484 1881 pientia
510 1802 738 1862 rclictae
766 1801 899 1860 sint.
967 1800 1061 1859 27.
1097 1800 1271 1869 Quod
1298 1801 1347 1858 si
1375 1818 1489 1857 non
1522 1799 1772 1858 hominis
1800 1818 1956 1857 sum-

264 1903 426 1942 mum
461 1883 678 1942 bonum
712 1901 1125 1961 quaereremus,
1157 1880 1258 1938 sed
1291 1879 1588 1938 cuiusdam
1621 1879 1951 1951 animantis,

263 1965 315 2021 is
342 1971 535 2023 autem
564 1970 713 2022 esset
739 1961 882 2020 nihil
912 1961 1024 2019 nisi
1057 1962 1285 2019 animus
1319 1956 1513 2035 (liceat
1545 1959 1698 2018 enim
1735 1958 1981 2036 fingere,

265 2043 482 2122 aliquid
510 2043 809 2114 eiusmodi,
831 2062 947 2122 quo
975 2060 1174 2099 verum
1201 2040 1428 2098 facilius
1454 2037 1850 2117 reperiamus),
1870 2046 1955 2096 ta·

265 2143 397 2182 men
427 2123 512 2180 ilii
539 2124 733 2181 animo
762 2142 877 2180 non
907 2129 1055 2181 esset
1082 2121 1178 2178 hic
1207 2128 1390 2178 vester
1422 2118 1568 2178 finis.
1652 2118 1955 2177 Desidera-

264 2211 353 2262 ret
385 2203 539 2261 enim
573 2202 978 2275 valetudinem,
1008 2201 1353 2260 vacuitatem
1390 2199 1623 2271 doloris,
1654 2205 1954 2278 appeteret

265 2285 440 2342 etiam
496 2283 986 2341 conservationem
1035 2281 1124 2339 sui
1173 2299 1481 2358 earumque
1528 2299 1720 2338 rerum
1766 2287 1956 2339 custo-

267 2365 442 2435 diam,
465 2363 752 2441 finemque
786 2362 897 2421 sibi
929 2362 1305 2421 constitueret
1338 2360 1652 2418 secundum
1687 2367 1950 2418 naturam

266 2446 473 2514 vivere,
504 2444 662 2522 quod
694 2451 798 2515 est,
828 2451 896 2502 ut
927 2443 1066 2514 dixi,
1097 2441 1306 2500 habere
1338 2460 1421 2512 ea,
1452 2459 1598 2519 quae
1636 2439 1955 2498 secundum

266 2533 530 2583 naturam
586 2525 719 2595 sint,
755 2523 846 2582 vel
891 2523 1088 2581 omnia
1136 2522 1221 2580 vel
1275 2520 1522 2598 plurima
1574 2527 1635 2579 et
1681 2519 1952 2577 maxima.

269 2611 367 2664 2&
395 2604 821 2681 Cuiuscumque
848 2603 1002 2661 enim
1030 2601 1193 2660 modi
1220 2600 1432 2659 animal
1454 2599 1835 2669 constitueriS,
1859 2618 1958 2657 ne-

267 2705 422 2744 cesse
463 2692 566 2757 cst,
598 2683 822 2742 etiarnsi
868 2683 932 2741 id
973 2683 1094 2741 sine
1143 2701 1382 2758 corpore
1430 2681 1522 2751 sit,
1552 2687 1620 2739 ut
1659 2678 1953 2757 fingimus,

267 2773 462 2823 tamen
504 2784 625 2823 esse
665 2764 726 2821 in
760 2763 953 2821 animo
989 2762 1268 2840 quaedam
1310 2761 1520 2819 similia
1560 2779 1776 2830 eorum,
1807 2778 1956 2837 quae

269 2851 405 2901 sunt
431 2845 491 2901 in
520 2862 775 2920 corpore,
797 2850 865 2900 ut
892 2842 1049 2899 nullo
1077 2842 1273 2912 mod0‚
1296 2841 1409 2899 nisi
1441 2848 1507 2899 ut
1541 2839 1797 2918 exposui,
1821 2858 1957 2897 con-

270 2923 435 2980 stitui
468 2925 651 3000 possit
682 2921 814 2979 finis
847 2921 1149 2979 bonorum.
1232 2920 1594 2998 Chrysippus
1627 2927 1839 2990 autem,
1863 2938 1958 2977 ex-

272 3020 492 3076 ponens
518 3001 870 3059 differentias
901 3000 1299 3072 animantium,
1322 3003 1405 3059 ait
1436 3000 1576 3058 alias
1608 3016 1802 3057 earum
1836 3018 1958 3056 cor-

271 3098 411 3154 pore
452 3080 738 3149 excellere,
768 3079 906 3136 alias
945 3087 1139 3137 autem
1181 3080 1393 3150 anim0,
1423 3078 1728 3138 nonnullas
1769 3078 1958 3138 valere

272 3165 512 3234 utraque
549 3175 642 3230 re3
684 3157 892 3215 deinde
923 3159 1201 3235 disputat,
1232 3160 1391 3238 quod
1422 3159 1698 3238 cuiusque
1729 3158 1961 3237 generis
