2259 3467
753 113 893 161 LIB.
923 112 991 174 L,
1018 111 1177 161 CAP.
1206 111 1575 161 xva-xlx.
1948 114 2012 160 25

320 215 512 287 butus,
531 214 760 291 quietus
787 234 908 273 esse
931 233 1248 291 numquam
1272 220 1479 291 potest.
1538 213 1841 271 Praeterea
1861 212 2015 272 bona

320 296 630 374 praeterita
661 315 778 354 nou
811 295 1217 366 meminerunt,
1242 293 1636 372 praesentibus
1669 313 1786 352 non
1814 294 2014 352 fruun-

320 386 453 448 tur3
502 376 700 433 futura
739 375 918 433 modo
960 383 1283 452 expectant,
1316 395 1461 453 quae
1508 375 1642 453 quia
1688 381 1844 433 certa
1892 394 2012 433 esse

320 476 439 514 non
473 463 734 533 possunt,
758 455 1143 514 conficiuntur
1174 464 1234 514 et
1266 475 1480 532 angore
1512 464 1572 513 et
1601 464 1793 527 metu;
1837 455 2014 512 maxi-

319 555 529 614 meque
561 537 902 609 cruciantur,
927 556 1065 597 .cmn
1101 556 1228 594 sero
1262 537 1536 607 sentiunt,
1568 536 1781 594 frustra
1819 555 1879 593 se
1912 543 2013 593 aut

319 617 596 695 pecuniae
635 616 921 675 studuisse
958 624 1059 674 aut
1093 616 1349 693 imperiis
1386 624 1487 674 aut
1519 616 1727 693 opibus
1760 624 1860 673 aut
1892 615 2013 693 glo-

321 698 452 755 riae.
531 696 733 754 Nullas
761 697 915 755 enim
945 702 1375 774 consequuntur
1406 695 1743 774 voluptates,
1770 715 2011 774 quarum

320 777 586 854 potiendi
623 796 724 854 spe
762 776 1103 835 inflammati
1143 776 1358 834 multos
1394 776 1617 834 labores
1655 795 2012 854 magnosque

320 866 702 935 susceperant.
775 863 869 915 61.
905 858 1053 915 Ecce
1086 865 1282 915 autem
1310 856 1407 914 alii
1436 857 1646 915 minuti
1675 865 1734 915 et
1760 857 2009 934 angusti,

319 945 420 995 aut
461 938 659 994 omnia
698 956 923 1015 semper
954 936 1324 1013 desperantes
1364 945 1465 995 aut
1497 937 1779 1010 malevoli,
1810 936 2009 1007 invidi,

321 1016 597 1087 difficiles,
648 1016 908 1093 lucifugi,
959 1017 1244 1089 maledici,
1294 1018 1621 1087 monstrosi,
1665 1017 1763 1075 alii
1817 1025 2011 1076 autem

321 1097 496 1154 etiam
546 1098 840 1155 amatoriis
893 1096 1224 1155 levitatibus
1272 1098 1473 1168 dediti,
1516 1097 1615 1155 alii
1667 1097 2009 1175 petulanteS‚

320 1177 416 1235 alii
444 1177 703 1249 audaces,
728 1177 997 1255 protervi,
1022 1178 1199 1235 iidem
1230 1178 1677 1256 intemperantes
1710 1186 1769 1237 et
1797 1178 2008 1255 ignavi,

319 1277 637 1335 numquam
672 1258 732 1315 in
766 1258 1051 1317 sententia
1083 1267 1502 1335 permanentcS,
1526 1278 1667 1335 quas
1704 1258 1780 1316 ob
1814 1277 2013 1316 causas

318 1338 379 1395 in
403 1358 601 1397 eorum
627 1339 745 1396 vita
772 1337 928 1396 nulla
954 1345 1041 1396 est
1062 1339 1432 1415 intercapedo
1462 1338 1772 1397 molestiae.
1824 1338 2013 1415 Igitur

273 1451 286 1461 ·
319 1437 504 1496 neque
538 1418 842 1477 stultorum
875 1419 1177 1497 quisquam
1208 1418 1411 1477 beatus
1443 1438 1629 1497 neque
1661 1419 2009 1497 sapientium

320 1518 437 1556 non
481 1498 695 1557 beatus,
797 1498 1098 1576 Multoque
1148 1498 1259 1556 hoc
1309 1498 1514 1557 melius
1562 1518 1669 1556 nos
1710 1499 2009 1577 veriusque

321 1597 494 1656 quam
537 1578 734 1636 Stoici.
821 1578 912 1636 Illi
961 1580 1116 1637 cuim
1168 1586 1382 1654 negant
1423 1598 1545 1636 esse
1585 1578 1805 1636 bouum
1849 1579 2011 1657 quid-

322 1677 495 1734 quam
537 1658 649 1714 nisi
692 1658 882 1715 nescio
917 1677 1090 1734 quam
1133 1657 1287 1714 illam
1326 1657 1605 1729 umbram,
1631 1658 1790 1735 quod
1820 1660 2012 1736 appel-

321 1736 444 1794 lant
476 1736 803 1806 honestum,
834 1755 950 1794 non
985 1746 1105 1794 tam
1142 1736 1328 1793 solido
1363 1756 1534 1814 quam
1570 1737 1873 1814 splendido
1912 1758 2012 1796 no·

323 1816 517 1886 mine3
568 1815 839 1873 virtutem
882 1824 1075 1875 autem
1117 1817 1313 1873 nixam
1355 1816 1466 1874 hoc
1508 1816 1753 1875 honesto
1795 1817 2008 1876 nullam

324 1895 607 1973 requirere
651 1895 1003 1973 voluptatem
1055 1904 1229 1974 atque
1277 1896 1351 1955 ad
1393 1896 1557 1955 beate
1599 1897 1907 1956 vivendum
1949 1918 2010 1958 se

320 1975 446 2052 ipsa
475 1996 596 2033 esse
623 1983 973 2034 contentam.

399 2044 568 2114 XIX.
642 2062 736 2114 62.
781 2055 895 2114 Sed
924 2063 1169 2134 possunt
1196 2056 1335 2115 hacc
1366 2057 1611 2136 quadam
1642 2058 1863 2116 ratione
1891 2059 2007 2119 dici

321 2155 435 2193 non
472 2136 649 2194 modo
691 2156 808 2193 non
847 2137 1317 2215 repugnantibus,
1348 2158 1545 2196 verum
1587 2138 1762 2196 ctiam
1804 2159 2009 2217 appro-

319 2215 591 2274 bantibus
620 2216 800 2275 nobis,
886 2217 981 2275 Sic
1016 2217 1169 2274 enim
1208 2217 1280 2275 ab
1313 2218 1566 2295 Epicuro
1605 2218 1832 2296 sapiens
1865 2240 2009 2278 sem-

318 2315 422 2374 per
451 2296 652 2355 beatus
678 2297 1004 2356 inducitur:
1048 2297 1242 2355 finitas
1273 2297 1449 2356 habet
1469 2299 1863 2376 'cupiditates3
1914 2321 2009 2358 ne-

318 2376 502 2454 glegit
535 2385 817 2450 mortcm3
859 2378 931 2436 de
965 2378 1056 2435 dis
1089 2377 1512 2437 immortalibus
1537 2379 1667 2437 'sine
1700 2379 1818 2438 ullo
1849 2388 2007 2438 metu

319 2476 453 2514 vera
478 2458 688 2530 sentit3
723 2477 842 2515 non
870 2458 1115 2529 dubitat,
1140 2459 1190 2515 si
1218 2458 1301 2515 ita
1320 2458 1527 2517 melius
1555 2459 1647 2529 sit,
1669 2460 1912 2535 migrare
1935 2461 2007 2519 dc

319 2537 452 2595 vita.
537 2536 651 2595 His
683 2537 852 2597 rebus
883 2538 1196 2597 instructus
1224 2558 1450 2615 semper
1482 2547 1569 2597 est
1600 2539 1660 2596 in
1691 2539 2003 2617 voluptate.

318 2616 523 2695 Neque
551 2617 704 2675 enim
734 2625 964 2694 tempus
997 2627 1085 2676 est
1117 2618 1317 2690 ullum,
1334 2638 1458 2697 ‚quo
1493 2638 1607 2676 non
1644 2618 1789 2696 plus'
1809 2619 2008 2697 volup-

318 2704 506 2755 tatum
563 2697 771 2755 habeat
821 2718 990 2775 quam
1037 2698 1323 2756 dolorum.
1408 2698 1559 2756 Nam
1601 2706 1662 2756 et
1701 2700 2008 2776 praeterita

317 2785 479 2853 grate
506 2777 773 2835 meminit
799 2786 857 2835 et
885 2778 1278 2855 praesentibus
1307 2778 1389 2836 ita
1409 2779 1647 2855 potitur,
1667 2788 1732 2835 ut
1753 2778 2008 2836 animad-

319 2864 519 2924 vertat,
541 2865 755 2934 quanta
787 2858 904 2915 siut
935 2877 1004 2915 ea
1036 2877 1323 2935 quamque
1359 2858 1625 2927 iucunda,
1655 2876 1841 2934 neque
1872 2878 2008 2935 pen-

318 2937 419 2995 det
446 2956 516 2993 ex
543 2937 773 3005 futuriS,
794 2937 896 2995 sed
923 2945 1188 3015 expectat
1217 2938 1330 3007 illa,
1350 2936 1564 2994 fruitur
1591 2937 2003 3013 praesentibuS,

318 3016 392 3074 ab
427 3016 609 3092 iisque
641 3017 814 3088 vitiis,
840 3036 984 3094 quae
1018 3017 1192 3093 paulo
1226 3024 1359 3073 ante
1393 3016 1615 3093 collegi,
1639 3016 1802 3075 abest
1833 3018 2007 3095 pluri-

307 3103 498 3166 mum,
530 3105 588 3153 et
621 3116 750 3154 cum
795 3097 1103 3154 stultorum
1139 3098 1316 3154 vitam
1364 3114 1493 3153 cum
1546 3116 1647 3153 sua
1690 3105 2003 3174 comparat,

320 3195 530 3252 magua
576 3175 820 3233 afficitur
864 3176 1176 3253 voluptate.
1260 3173 1507 3232 Dolores
1555 3181 1766 3248 autem,
1807 3177 1857 3233 si
1905 3177 2005 3253 qui
