2259 3467
256 120 351 168 178
422 115 522 165 DE
554 116 846 174 FINIBUS
878 116 1234 167 BONORUM
1268 117 1363 165 ΕΤ
1396 116 1772 168 MALORUM.

253 218 469 276 volavit
509 217 709 275 oratio,
794 216 967 286 Quod
1009 218 1116 275 nisi
1160 218 1245 275 ita
1284 218 1542 290 efficitur,
1574 238 1719 297 quae
1759 218 1947 279 Theo-

250 298 519 377 phrastus
552 298 626 356 de
657 298 910 369 fortuna,
941 298 1014 356 de
1048 298 1263 369 dolore,
1294 298 1367 356 de
1399 299 1653 356 cruciatu
1688 301 1946 377 corporis

251 379 417 449 dixit,
437 397 568 437 cum
594 378 802 457 quibus
829 379 1106 455 coniungi
1135 378 1312 442 vitam
1337 378 1560 436 beatam
1585 379 1743 438 nullo
1765 382 1945 439 modo

251 478 419 537 posse
448 459 690 536 putavit,
715 477 927 530 vereor,
951 477 1024 515 ne
1053 477 1186 516 vera
1218 459 1350 516 sint.
1427 458 1579 516 Nam
1608 459 1753 517 illud
1781 461 1946 534 vehe-

251 547 474 597 menter
525 546 826 616 repugnat,
877 538 1125 596 eundem
1176 538 1409 596 beatum
1462 558 1584 596 esse
1632 546 1693 597 et
1743 541 1946 598 multis

251 619 417 677 malis
458 637 813 695 oppressum.
898 618 1060 676 Haec
1096 618 1390 696 quomodo
1433 620 1799 688 conveniant,
1824 640 1945 678 non

250 718 386 757 sane
414 698 703 775 intellego,
763 698 980 758 Utrum
1009 699 1188 775 igitur
1215 697 1340 769 tibi,
1361 699 1568 776 inquit,
1590 717 1705 756 non
1736 700 1941 777 placet,

250 780 552 838 virtutisne
588 798 708 837 esse
736 787 958 837 tantam
988 779 1124 851 vim,
1150 786 1216 836 ut
1242 778 1317 836 ad
1346 778 1511 837 beate
1542 780 1849 838 vivendum
1883 801 1945 839 se

249 859 378 937 ipsa
408 867 680 918 contenta
713 859 804 930 sit,
829 878 920 931 an,
951 859 998 916 si
1032 859 1094 917 id
1128 858 1354 937 probas,
1378 858 1500 917 fieri
1532 859 1617 916 ita
1647 878 1816 936 posse
1850 880 1945 919 ne-

247 959 368 1016 gas,
395 947 460 998 ut
501 941 559 1009 ii,
585 940 685 1018 qui
725 940 955 997 virtutis
997 947 1297 1016 compotes
1338 940 1471 1012 sint,
1497 940 1670 997 ctiam
1714 940 1946 1017 quibus-

249 1020 383 1077 dam
419 1020 585 1078 malis
617 1020 811 1079 affecti
839 1020 993 1078 beati
1022 1020 1175 1078 sint?
1255 1019 1384 1097 Ego
1418 1039 1552 1078 vero
1584 1019 1713 1077 volo
1742 1021 1803 1078 in
1837 1022 1945 1079 vir-

248 1108 375 1158 tute
404 1101 520 1158 vim
549 1120 671 1159 esse
702 1119 875 1178 quam
903 1100 1211 1157 maximam
1234 1118 1249 1172 3
1289 1100 1407 1171 sed,
1430 1108 1643 1177 quanta
1670 1101 1761 1171 sit,
1785 1101 1942 1175 alias,

249 1198 404 1238 nunc
436 1188 683 1250 tantum,
708 1181 965 1256 possitne
999 1200 1120 1239 esse
1153 1188 1333 1252 tanta,
1358 1181 1405 1238 si
1435 1181 1748 1258 quidquam
1783 1189 1946 1241 extra

249 1260 521 1318 virtutem
571 1260 848 1318 habeatur
895 1261 954 1317 in
1001 1260 1185 1319 bonis,
1273 1259 1366 1319 78.
1409 1260 1614 1338 Atqui,
1649 1261 1855 1338 inquit,
1893 1262 1945 1320 si

249 1339 461 1399 Stoicis
493 1340 776 1411 concediS,
801 1347 868 1399 ut
896 1341 1076 1398 virtus
1103 1340 1242 1412 sola,
1267 1341 1315 1398 si
1348 1342 1503 1411 assit,
1529 1341 1706 1398 vitam
1735 1340 1945 1401 efficiat

247 1420 494 1490 beatam,
530 1420 799 1479 concedis
846 1421 1018 1479 etiam
1064 1421 1481 1498 Peripateticis.
1577 1420 1738 1490 Quae
1785 1423 1942 1480 enim

249 1501 400 1559 mala
437 1500 519 1558 illi
552 1521 669 1559 non
712 1501 928 1559 audent
961 1500 1262 1579 appellare,
1293 1520 1494 1578 aspera
1534 1509 1728 1559 autem
1767 1509 1826 1559 et
1860 1502 1944 1559 in-

248 1581 555 1639 commoda
592 1589 652 1640 et
684 1582 971 1642 reicienda
1008 1592 1066 1640 et
1100 1581 1283 1639 aliena
1317 1589 1552 1639 naturae
1590 1600 1711 1639 esse
1745 1601 1945 1640 conce·

248 1661 413 1734 dunt,
437 1681 505 1720 ea
535 1680 644 1719 nos
676 1662 827 1720 mala
859 1662 1123 1733 dicimuS,
1155 1661 1256 1719 sed
1289 1662 1497 1737 exigua
1529 1668 1588 1719 et
1621 1680 1802 1737 paene
1837 1663 1944 1720 mi-

249 1741 421 1800 nima.
505 1741 693 1812 Quare
742 1743 791 1799 si
838 1749 1033 1820 potest
1080 1761 1202 1800 esse
1251 1740 1452 1799 beatus
1499 1741 1566 1812 ie,
1599 1742 1697 1819 qui
1745 1749 1832 1799 est
1880 1743 1941 1800 in

247 1822 463 1899 asperis
507 1823 922 1899 reiciendisque
970 1821 1156 1891 rebuS,
1195 1828 1387 1899 potest
1429 1822 1489 1878 isv
1522 1841 1750 1900 quoque
1798 1842 1940 1895 esse,

249 1903 349 1980 qui
390 1910 479 1961 est
515 1903 575 1960 in
618 1903 809 1980 parvis
851 1902 1030 1961 malie.
1115 1902 1193 1959 Et
1228 1919 1375 1978 ego:
1419 1902 1575 1975 Piso,
1605 1902 1862 1980 inquam,
1892 1905 1943 1961 si

247 1990 336 2041 est
363 1983 684 2061 quisquam,
711 1983 810 2060 qui
843 1990 1008 2040 acute
1042 1981 1100 2039 in
1131 1983 1317 2039 causis
1344 1982 1537 2041 videre
1573 1983 1770 2054 soleat,
1795 2002 1942 2061 quae

248 2083 337 2121 res
363 2071 581 2140 agatur,
606 2064 656 2120 is
683 2083 744 2120 es
773 2064 1035 2139 profecto
1064 2070 1145 2121 tu.
1216 2061 1405 2132 Quare
1434 2063 1685 2135 attende,
1708 2082 1937 2141 quaeso,

247 2142 397 2202 Nam
442 2142 648 2212 adhuc,
680 2161 810 2200 meo
851 2142 1095 2201 fortasse
1137 2143 1299 2214 vitio,
1326 2143 1464 2221 quid
1501 2162 1610 2219 ego
1650 2162 1939 2221 quaeram,

248 2242 364 2280 non
405 2223 698 2301 perspiciS.
795 2221 934 2280 Istic
976 2242 1122 2295 sum,
1153 2223 1361 2300 inquit,
1393 2232 1765 2302 expectoque,
1798 2224 1942 2302 quid

246 2303 321 2361 ad
351 2304 426 2372 id,
453 2303 609 2380 quod
638 2301 998 2380 quaerebam,
1019 2304 1383 2380 respondeas.

328 2383 587 2442 XXVII.
675 2384 766 2441 79.
812 2381 1217 2461 RespondebO,
1248 2403 1342 2441 me
1382 2403 1499 2441 non
1541 2403 1824 2462 quaerere,
1856 2384 1943 2441 in-

248 2482 438 2541 quam,
474 2464 585 2522 hoc
626 2470 902 2541 tempore,
935 2464 1075 2541 quid
1116 2464 1299 2521 virtus
1339 2462 1559 2523 efficere
1599 2464 1800 2543 possit,
1837 2464 1942 2523 sed

248 2544 388 2621 quid
421 2551 751 2602 constanter
782 2544 1022 2614 dicatur,
1049 2545 1191 2622 quid
1228 2545 1416 2622 ipsum
1453 2564 1485 2601 a
1525 2564 1584 2603 se
1618 2545 1937 2604 dissentiat.

247 2623 394 2696 Quo,
426 2623 631 2701 inquit,
663 2624 882 2683 modo&
963 2624 1127 2696 Quia,
1160 2644 1290 2683 cum
1330 2644 1365 2682 a
1404 2624 1650 2696 Zeuone,
1681 2626 1937 2700 inquam,

250 2703 358 2761 hoc
391 2703 695 2781 magnifice
723 2714 1016 2782 tamquam
1047 2724 1117 2764 ex
1150 2704 1379 2762 oraculo
1413 2705 1636 2763 editur:
1681 2706 1716 2733 ‘⁴
1736 2704 1941 2763 Virtus

247 2782 322 2839 ad
363 2782 527 2841 beate
568 2784 875 2841 vivendum
926 2804 986 2841 se
1029 2785 1157 2860 ipsa
1204 2793 1478 2843 contenta
1525 2784 1666 2855 est,'’
1709 2783 1941 2853 Quare?

247 2861 474 2937 inquit;
517 2864 857 2939 respondet:
904 2865 938 2892 ‘⁴
958 2864 1123 2933 Quia,
1157 2864 1267 2921 nisi
1303 2864 1460 2941 quod
1490 2865 1797 2922 honestum
1831 2872 1937 2936 est,

248 2940 469 2997 nullum
518 2951 605 2998 est
652 2943 809 3000 aliud
858 2943 1132 3001 bonum.”
1233 2943 1366 3001 Non
1420 2964 1630 3021 quaero
1678 2945 1812 3015 iam,
1850 2965 1942 3002 ve-

248 3036 450 3076 rumne
483 3020 591 3090 sit;
634 3020 776 3078 illud
812 3023 960 3093 dioc,
986 3043 1067 3093 ea,
1094 3042 1239 3100 quae
1274 3023 1445 3094 dicat,
1471 3024 1754 3100 praeclare
1790 3025 1943 3083 inter

246 3115 307 3153 se
340 3098 654 3156 cohaerere.
742 3106 835 3158 80.
879 3102 1109 3159 Dixerit
1142 3102 1253 3160 hoc
1286 3102 1441 3160 idem
1472 3105 1771 3181 Epicurus,
1796 3124 1944 3163 sem-

248 3193 350 3251 per
371 3174 602 3233 beatum
630 3196 752 3235 esse
781 3181 1133 3255 sapientcm3
1166 3182 1323 3258 quod
1345 3184 1581 3260 quidem
1610 3185 1757 3242 solet
1785 3184 1944 3243 ebul·-
