2259 3467
257 115 353 163 172
419 112 519 162 DE
551 112 674 161 FIN
681 111 843 162 113th
875 109 1233 162 BONORUM
1267 111 1362 160 ET
1395 110 1774 162 MALORUM.

257 213 487 282 Quanta
515 212 706 272 studia
726 211 1144 272 decertantium
1166 211 1333 270 sunt!
1377 218 1591 289 quanta
1617 212 1744 290 ipsa
1770 219 1946 271 certa-

258 293 447 352 mina!
495 300 562 351 ut
602 293 687 350 illi
728 292 1045 351 efferuntur
1090 291 1326 364 laetitia,
1357 311 1489 349 cum
1537 293 1828 351 vicerunt!
1878 300 1946 352 ut

259 374 441 451 pudet
474 373 689 431 victos!
732 380 798 429 ut
831 391 891 430 se
925 371 1177 429 accusari
1209 372 1449 429 nolunt!
1493 389 1665 450 quam
1700 373 1945 450 cupiunt

259 453 511 512 laudari!
557 471 700 531 quos
728 451 812 509 illi
843 450 1066 510 labores
1099 446 1271 529 [non]
1306 452 1620 529 perferunt,
1646 460 1713 511 ut
1744 472 1948 531 aequa?

257 533 401 591 lium.
442 533 730 610 principes
772 531 920 589 sint!
966 550 1110 609 quae
1153 532 1427 589 memoria
1470 539 1557 590 est
1589 533 1651 589 in
1684 532 1758 591 iis
1799 532 1946 592 bene

257 613 618 685 merentium,
652 631 796 690 quae
828 611 1159 669 referendae
1191 612 1408 689 gratiae
1441 612 1758 690 cupiditas!
1840 614 1947 671 At-

259 713 370 772 que
398 712 465 751 ea
490 693 551 750 in
575 694 797 770 optima
825 710 1049 769 quaque
1075 692 1270 750 indole
1298 692 1546 750 maxime
1569 700 1863 770 apparent,
1883 694 1945 751 in

260 792 373 851 qua
403 772 544 831 haec
585 772 843 845 honesta,
875 791 1019 850 quae
1060 771 1465 850 intellegimus,
1495 792 1530 829 a
1561 780 1765 830 natura
1803 781 1948 831 tam-

260 873 430 931 quam
474 852 904 911 adumbrantur.
991 857 1084 910 62.
1138 852 1255 911 Sed
1295 852 1435 911 haec
1477 853 1537 909 in
1580 853 1804 930 pueris3
1856 872 1948 910 ex-

259 952 453 1011 pressa
492 953 626 991 vero
668 934 729 990 in
778 933 849 991 iis
890 932 1188 1004 aetatibuS,
1221 951 1366 1010 quae
1412 933 1528 990 iam
1578 932 1947 991 confirmatae

259 1021 409 1072 sunt.
494 1013 637 1091 Quis
671 1020 756 1072 est
790 1020 910 1071 tam
946 1013 1242 1070 dissimilis
1274 1012 1515 1086 homini,
1549 1014 1647 1091 qui
1680 1032 1798 1071 non
1826 1032 1950 1071 mo·

261 1101 457 1152 veatur
497 1101 557 1152 et
597 1094 916 1152 offensione
955 1092 1335 1170 turpitudinis
1375 1100 1435 1151 et
1475 1092 1948 1170 comprobatione
1990 1132 1994 1136 -

259 1173 615 1232 honestatis?
657 1174 785 1252 quis
813 1181 916 1246 est,
938 1174 1038 1250 qui
1059 1192 1177 1231 non
1206 1172 1394 1230 oderit
1414 1172 1799 1245 libidinosam,
1820 1193 1949 1251 pro·

258 1262 477 1311 tervam
506 1253 988 1313 adulescentiam?
1030 1254 1161 1332 quis
1188 1260 1388 1312 contra
1413 1253 1472 1310 in
1502 1253 1601 1312 illa
1627 1260 1812 1312 aetate
1846 1273 1949 1332 pu-

260 1334 476 1404 dorem,
507 1335 907 1406 constantiam,
941 1333 1169 1392 etiamsi
1217 1353 1319 1391 sua
1357 1333 1505 1392 nihil
1556 1334 1796 1404 intersit,
1829 1352 1949 1391 non

260 1421 453 1472 tamen
496 1413 738 1491 diligat?
779 1415 907 1493 quis
948 1414 1182 1473 Pullum
1226 1414 1640 1486 Numitorium,
1672 1413 1950 1491 Fregella—

259 1513 418 1566 num,
450 1494 823 1572 proditorem,
861 1513 1207 1573 quamquam
1265 1494 1347 1553 rei
1401 1493 1665 1571 publicae
1717 1500 1950 1552 nostrae

260 1575 499 1651 profuit,
521 1594 636 1633 non
660 1575 823 1634 odit?
858 1575 985 1653 quis
1014 1574 1171 1633 urbis
1192 1581 1647 1632 conservatorem
1670 1573 1947 1646 Codrum,

262 1654 390 1733 quis
418 1654 726 1714 Erechthei
754 1655 897 1713 filias
925 1674 1039 1714 non
1065 1656 1313 1713 maxime
1341 1654 1574 1713 laudat?
1616 1654 1708 1712 cui
1735 1653 1950 1712 Tubuli

260 1754 471 1793 nomen
506 1734 642 1794 odio
671 1755 786 1794 non
823 1737 947 1795 esti
989 1736 1116 1813 quis
1144 1735 1464 1793 Aristidem
1498 1754 1615 1792 non
1650 1742 1948 1792 mortuum

261 1815 489 1891 diligit?
570 1816 668 1873 An
698 1815 1101 1887 obliviscimur,
1125 1822 1342 1893 quanto
1371 1834 1543 1893 opere
1569 1815 1630 1873 in
1659 1814 1950 1876 audiendo

263 1889 375 1973 [in]
401 1895 757 1975 legendoque
788 1915 1135 1966 moveamur,
1156 1915 1285 1953 cum
1310 1896 1422 1973 pie,
1440 1915 1568 1953 cum
1597 1895 1794 1967 amice,
1815 1914 1950 1953 cuin

262 1995 474 2051 magno
531 1977 725 2034 animo
775 1976 994 2054 aliquid
1039 1978 1259 2033 factum
1312 1975 1748 2052 cognoscimus?
1851 1980 1946 2032 63.

263 2054 419 2123 Quid
459 2054 665 2133 loquor
705 2057 777 2114 de
817 2056 1001 2126 nobiS,
1034 2056 1132 2134 qui
1175 2055 1248 2112 ad
1290 2055 1515 2113 laudem
1560 2062 1619 2113 et
1658 2054 1733 2112 ad
1774 2054 1950 2112 decus

263 2135 401 2206 nati,
433 2136 699 2212 suscepti,
732 2135 985 2193 instituti
1018 2134 1252 2192 sumus?
1333 2132 1448 2201 Qui
1481 2134 1756 2192 clamores
1788 2133 1948 2211 vulgi

261 2220 433 2289 atque
474 2211 870 2288 imperitorum
922 2211 1244 2270 excitantur
1286 2211 1348 2269 in
1391 2211 1640 2284 theatris,
1677 2230 1805 2270 cum
1851 2212 1950 2269 illa

261 2292 564 2350 dicuntur:

843 2350 955 2412 Ego
981 2364 1094 2399 sum
1121 2349 1342 2410 Orestes,

261 2457 572 2531 contraque
600 2450 672 2509 ab
701 2450 913 2510 altero:

494 2577 660 2627 Immo
687 2576 936 2627 enimvero
963 2589 1055 2637 ego
1083 2589 1207 2636 sum,
1233 2573 1451 2636 inquam,
1475 2567 1702 2624 Ore'stes!

262 2691 413 2749 Cum
447 2697 638 2749 autem
681 2690 855 2749 etiam
897 2688 1085 2747 exitus
1125 2688 1199 2745 ab
1235 2695 1478 2766 utroque
1512 2688 1681 2746 datur
1721 2692 1950 2745 contur-

263 2770 400 2827 bato
434 2770 757 2847 errantique
788 2768 947 2846 regi:
990 2768 1179 2825 Ambo
1220 2787 1351 2842 erqo
1385 2787 1504 2824 una
1537 2766 1786 2824 necarier
1816 2784 1950 2840 pre-

263 2850 831 2927 camur‚—quotiens
860 2849 969 2906 hoc
990 2849 1197 2923 agitur,
1222 2847 1594 2925 ecquandone
1624 2846 1734 2903 nisi
1768 2846 1951 2904 admi·

266 2928 583 2985 rationibus
623 2929 924 2986 maximis?
1006 2928 1194 2985 Nemo
1243 2939 1331 2984 est
1378 2928 1570 3003 igitur,
1611 2925 1750 3004 quin
1798 2925 1950 2983 hanc

265 3006 629 3062 affectionem
689 3008 866 3064 animi
927 3007 1135 3083 probet
1192 3016 1365 3084 atque
1425 3006 1634 3077 laudet,
1668 3024 1781 3082 qua
1826 3024 1950 3063 non

268 3083 442 3139 modo
478 3082 693 3140 utilitas
725 3086 881 3142 nulla
922 3086 1228 3161 quaeritur,
1253 3085 1354 3143 sed
1395 3092 1595 3143 contra
1636 3084 1951 3143 utilitatem

267 3161 439 3215 etiam
474 3171 838 3219 conservatur
870 3163 1023 3220 fides,
1111 3168 1204 3222 64.
1249 3164 1486 3223 Talibus
1518 3164 1795 3242 exemplis
1829 3184 1951 3223 non
