2259 3467
240 94 307 142 150
406 91 507 140 DE
541 89 831 142 FINIBUS
867 89 1217 140 BONORUM
1252 90 1345 140 ET
1378 90 1759 142 MALORUM.

241 192 519 250 tationem
541 192 720 249 homo
748 199 807 250 et
827 199 1028 250 acutus
1049 198 1108 250 et
1129 191 1393 268 diligens,
1410 192 1789 271 Chrysipp11S‚
1811 214 1929 252 non

242 273 577 341 contemnit,
593 278 897 349 totumque
919 272 1224 329 discrimen
1249 274 1458 330 summi
1484 273 1623 332 boni
1650 276 1709 332 in
1734 295 1930 332 earum

242 351 670 429 comparatione
703 353 956 429 positum
987 359 1172 429 putat.
1256 352 1384 430 Ego
1419 361 1611 411 autem
1641 354 1928 428 existimo,

243 433 291 489 si
327 432 631 490 honestum
667 451 787 490 esse
825 431 1046 509 aliquid
1084 432 1407 504 ostendero,
1433 433 1590 510 quod
1628 434 1705 492 sit
1737 435 1931 511 ipsum

243 531 346 569 sua
363 513 417 570 vi
439 520 675 590 propter
695 531 868 589 seque
890 512 1293 589 expetendum,
1310 513 1491 570 iacere
1511 521 1696 571 vestra
1716 515 1927 574 omnia.

243 592 448 670 Itaque
496 611 583 663 e0,
621 592 786 669 quale
835 592 926 664 sit,
965 592 1226 662 breviter,
1263 599 1330 650 ut
1378 601 1607 670 tempus
1656 595 1927 671 postulat,

243 673 578 742 constitum,
621 672 887 730 accedam
942 672 1017 729 ad
1064 673 1260 730 omnia
1313 679 1429 744 tua,
1465 672 1772 751 Torquate,
1817 675 1932 732 nisi

244 752 521 809 memoria
559 753 711 810 forte
750 751 1044 810 defecerit.
1138 757 1232 811 45.
1277 751 1605 811 Honestum
1649 754 1828 830 igitur
1868 755 1932 813 id

242 831 646 908 intellegimuS,
679 832 836 910 quod
878 831 991 889 tale
1033 838 1135 902 est,
1167 839 1249 901 ut,
1281 832 1537 891 detracta
1576 834 1737 891 omni
1779 834 1932 892 utili-

243 920 379 982 tate,
416 914 537 970 sine
587 912 717 970 ullis
764 912 1034 989 praemiis
1075 912 1430 970 fructibusve
1478 932 1582 991 per
1628 933 1689 971 se
1736 914 1928 991 ipsum

243 993 428 1069 possit
454 993 575 1050 iure
604 992 838 1050 laudari.
923 990 1095 1060 Quod
1124 991 1291 1069 quale
1319 993 1412 1064 sit,
1436 1012 1551 1050 non
1583 1002 1700 1051 tam
1732 993 1933 1052 defini-

243 1073 418 1141 tione,
444 1092 558 1150 qua
590 1091 716 1129 sum
746 1092 898 1143 usuS,
922 1072 1181 1150 intellegi
1207 1079 1402 1150 potest
1432 1068 1803 1151 (quamquam
1833 1073 1933 1132 ali—

246 1161 525 1230 quantum
554 1149 770 1230 potest)
805 1172 973 1230 quam
1005 1153 1300 1210 communi
1332 1153 1591 1211 omnium
1619 1154 1836 1212 iudicio
1871 1163 1932 1213 ct

245 1233 453 1309 optimi
496 1234 770 1309 cuiusque
820 1232 1025 1290 studiis
1072 1240 1245 1310 atque
1286 1233 1474 1303 factiS,
1506 1234 1604 1311 qui
1645 1233 1934 1311 permulta

246 1312 320 1370 ob
355 1332 477 1370 eam
514 1331 688 1370 unam
722 1331 948 1370 causam
989 1313 1227 1384 faciunt,
1260 1313 1396 1390 quia
1428 1313 1609 1384 decet,
1642 1315 1777 1391 quia
1816 1334 1934 1372 rec-

245 1401 388 1461 tum,
421 1393 554 1470 quia
595 1391 898 1450 honestum
943 1400 1045 1461 est,
1078 1393 1185 1450 etsi
1227 1392 1447 1450 nullum
1491 1399 1932 1451 consecuturum

245 1473 696 1531 emolumentum
723 1472 934 1530 vident.
998 1473 1283 1531 Homines
1311 1474 1484 1545 cuim,
1505 1474 1613 1531 etsi
1634 1473 1762 1531 aliis
1787 1474 1933 1532 mul-

245 1553 338 1624 tis,
359 1560 548 1611 tamen
574 1552 684 1610 hoc
707 1572 822 1610 uno
850 1552 1164 1631 plurimum
1187 1573 1220 1610 a
1242 1552 1440 1611 bestiis
1461 1553 1753 1626 differunt,
1774 1555 1934 1632 quod

245 1634 524 1691 rationem
559 1632 773 1692 habent
805 1652 839 1691 a
872 1640 1075 1691 natura
1107 1633 1303 1691 datam
1337 1641 1704 1711 mentemque
1742 1653 1931 1692 acrem

245 1723 304 1772 et
332 1714 620 1793 vigentem
655 1713 1058 1792 celerrimeque
1092 1713 1275 1771 multa
1309 1712 1819 1789 simul-agitantem
1853 1723 1930 1784 et,

245 1804 312 1852 ut
344 1795 425 1852 ita
457 1795 664 1864 dicam,
689 1813 967 1871 sagacem,
992 1813 1138 1871 quae
1170 1800 1230 1851 et
1262 1813 1459 1852 causas
1491 1813 1678 1851 rerum
1714 1802 1774 1852 et
1800 1814 1935 1852 con—

246 1875 566 1932 secutiones
605 1873 800 1933 videat
840 1882 899 1932 et
935 1873 1343 1932 similitudines
1382 1874 1689 1931 transferat
1729 1881 1789 1932 et
1821 1875 1935 1933 dis-

245 1954 440 2012 iuncta
467 1954 780 2031 coniungat
807 1962 865 2012 et
892 1973 1023 2011 cum
1052 1952 1447 2032 praesentibus
1473 1955 1670 2012 futura
1702 1955 1934 2032 copulet

247 2054 591 2112 omnemque
624 2032 1039 2112 complectatur
1069 2035 1221 2092 vitae
1258 2035 1661 2112 consequentis
1697 2042 1930 2092 statum.

245 2114 579 2192 Eademque
620 2114 766 2171 ratio
807 2114 949 2172 fecit
980 2114 1273 2172 hominem
1315 2114 1620 2172 hominum
1661 2122 1935 2192 appeten-

246 2201 365 2253 tem
395 2212 640 2271 cumque
675 2194 746 2251 iis
776 2201 976 2252 natura
1010 2202 1068 2253 et
1102 2214 1364 2253 sermone
1398 2201 1457 2252 et
1484 2214 1588 2253 usu
1619 2214 1935 2271 congruen-

246 2280 384 2345 tem,
405 2280 471 2331 ut
499 2274 794 2351 profectus
815 2294 849 2332 a
869 2276 1103 2333 caritate
1125 2274 1575 2332 domesticorum
1603 2294 1670 2332 ac
1698 2294 1934 2332 suorum

248 2360 439 2431 serpat
467 2353 695 2430 longius
723 2362 780 2412 et
814 2374 873 2412 se
902 2353 1161 2432 implicet
1188 2355 1440 2432 primum
1469 2354 1700 2425 civium,
1724 2354 1935 2412 deinde

248 2434 506 2491 omnium
538 2434 866 2492 mortalium
898 2437 1169 2493 socictate
1202 2442 1391 2512 atque,
1415 2441 1483 2492 ut
1509 2434 1583 2491 ad
1611 2433 1933 2511 Archytam

249 2514 477 2591 scripsit
503 2513 690 2588 Plato,
715 2534 832 2572 non
867 2515 977 2573 sibi
1005 2534 1064 2572 se
1098 2514 1207 2572 soli
1235 2522 1433 2573 natum
1463 2515 1808 2587 meminerit,
1833 2515 1936 2572 sed

248 2595 482 2672 patriae,
514 2594 614 2653 sed
648 2595 780 2666 suiS,
813 2602 878 2652 ut
911 2595 1221 2672 perexigua
1253 2615 1383 2672 pars
1417 2594 1526 2671 ipsi
1561 2594 1932 2672 relinquatur.

249 2680 343 2733 46.
388 2676 466 2733 Et
495 2675 762 2754 quoniam
795 2674 996 2733 cadem
1029 2682 1233 2731 natura
1265 2674 1640 2750 cupiditatem
1671 2674 1938 2751 ingenuit

248 2754 474 2813 homini
527 2754 647 2813 veri
692 2754 943 2824 videndi,
982 2753 1139 2830 quod
1185 2753 1458 2812 facillime
1512 2765 1767 2832 apparet,
1803 2774 1938 2812 cum

251 2835 415 2893 vacui
456 2835 606 2892 curis
647 2833 840 2904 etiam,
872 2833 1011 2911 quid
1053 2833 1114 2889 in
1149 2831 1309 2890 caelo
1351 2832 1469 2904 fiat,
1500 2835 1642 2891 scire
1684 2854 1936 2906 avemus,

251 2913 344 2970 his
377 2914 556 2971 initiis
585 2912 807 2971 inducti
841 2911 1036 2969 omnia
1063 2931 1197 2969 vera
1228 2912 1542 2990 diligimus,
1573 2914 1636 2972 id
1669 2921 1772 2984 est,
1802 2914 1937 2972 fide·

253 2992 345 3061 lia,
391 2992 687 3069 simplicia,
727 2992 1066 3062 constantia,
1102 2998 1229 3049 tum
1282 3012 1440 3064 vana,
1476 2993 1637 3065 falsa,
1680 2994 1943 3054 fallentia

254 3071 500 3143 odimus,
530 3081 595 3129 ut
643 3072 923 3142 fraudem,
955 3072 1287 3148 periurium,
1317 3074 1616 3145 malitiam,
1651 3074 1938 3134 iniuriam.

254 3149 473 3209 Eadem
520 3152 667 3210 ratio
715 3151 890 3209 habet
932 3152 990 3209 in
1042 3171 1101 3209 se
1146 3151 1420 3229 quiddam
1470 3153 1724 3231 amplum
1769 3163 1944 3232 atque
