2259 3467
741 135 879 187 L113.
906 136 989 186 IV
990 173 1028 199 .,
1055 136 1213 188 CAP.
1241 136 1537 187 VL-VIII.
1887 138 1983 186 119

294 254 529 314 quoque
561 235 742 293 animi
775 236 1074 309 existebat,
1101 256 1215 315 qua
1244 235 1416 294 facile
1449 242 1645 314 posset
1677 236 1986 314 repugnari

293 316 613 394 obsistique
634 316 921 387 fortunae,
948 318 1103 395 quod
1128 317 1411 375 maximae
1440 335 1529 374 res
1556 325 1747 373 essent
1773 316 1834 373 in
1858 322 1987 392 pot-

292 404 476 455 estate
521 397 814 474 sapientis.
897 397 1225 456 Varietates
1257 404 1452 455 autem
1488 396 1838 473 iniuriasque
1871 396 1987 453 for-

291 483 468 535 tunae
489 477 660 536 facile
682 483 937 535 veterum
967 476 1446 555 philosophorum
1479 476 1799 554 praeceptis
1826 476 1987 534 insti-

290 563 423 614 tuta
455 556 574 615 vita
606 556 927 633 superabat.
1016 563 1107 615 18.
1153 557 1467 635 Principiis
1493 564 1684 615 autem
1722 575 1756 614 a
1783 564 1987 614 natura

292 636 464 707 datis,
486 635 899 714 amplitudines
927 637 1211 715 quaedam
1247 636 1532 696 bonorum
1570 636 1984 708 excitabantur,

288 717 502 793 partim
522 716 816 794 profectae
833 736 868 775 a
887 715 1377 795 contemplatione
1398 736 1585 775 rerum
1612 715 1983 789 occultarum,

292 796 452 873 quod
474 804 598 854 erat
620 796 1027 855 insitusmenti
1052 797 1405 874 cognitionis
1423 816 1600 868 amor,
1621 815 1653 854 e
1674 815 1790 874 quo
1809 797 1984 854 etiam

291 876 532 933 rationis
545 875 916 954 explicandae
932 876 1363 955 disserendique
1377 876 1664 954 cupiditas
1681 894 1987 952 conseque-

291 954 495 1027 batur3
531 956 803 1033 quodque
831 955 942 1015 hoc
965 957 1148 1015 solum
1175 956 1385 1016 animal
1415 964 1615 1015 natum
1640 963 1728 1014 est
1749 955 1987 1032 pudoris
2031 1004 2035 1008 <

293 1054 366 1093 ac
390 1035 764 1094 verecundiae
793 1037 1080 1114 particeps
1106 1045 1499 1115 appetensque
1527 1036 1854 1094 convictum
1884 1034 1987 1093 ho·

291 1115 517 1173 minum
547 1135 614 1173 ac
642 1117 974 1175 societatem
1011 1117 1585 1194 animadvertensque
1618 1117 1680 1173 in
1715 1113 1987 1173 omnibus

291 1194 480 1266 rebus,
500 1215 644 1274 quas
670 1203 866 1273 ageret
893 1203 994 1255 aut
1020 1197 1253 1268 diceret,
1273 1203 1340 1255 ut
1360 1215 1435 1256 ne
1456 1197 1597 1275 quid
1625 1195 1698 1254 ab
1726 1214 1797 1254 eo
1823 1195 1987 1253 fieret

290 1275 405 1333 nisi
452 1275 693 1334 honeste
737 1295 804 1335 ac
845 1276 1068 1347 decore,
1097 1277 1190 1335 his
1234 1278 1417 1336 initiis
1457 1285 1525 1348 et,
1555 1282 1623 1335 ut
1659 1283 1794 1334 ante
1843 1275 1983 1347 dixi,

289 1355 608 1414 seminibus
641 1375 676 1414 a
708 1364 912 1415 natura
943 1356 1112 1429 datis,
1148 1357 1548 1435 temperantia,
1579 1356 1880 1427 modestia,
1905 1355 1989 1413 iu·

293 1435 459 1492 stitia
485 1441 546 1493 et
573 1436 764 1494 omnis
792 1436 1063 1495 honestas
1090 1437 1348 1514 perfecte
1377 1437 1643 1494 absoluta
1670 1442 1773 1494 est.

371 1514 541 1574 VIII.
630 1520 720 1574 19.
757 1516 972 1588 HabeS,
1002 1518 1258 1595 inquam,
1283 1517 1448 1589 Cato,
1472 1518 1721 1574 formam
1766 1534 1983 1587 eorum,

290 1594 366 1653 de
416 1593 626 1673 quibus
672 1595 894 1674 loquor,
930 1596 1428 1675 philosophorum.
1530 1595 1660 1664 Qua
1706 1595 1984 1672 exposita,

291 1674 437 1733 scire
465 1675 654 1752 cupiO,
680 1695 828 1753 quae
859 1696 1029 1734 causa
1061 1677 1154 1748 sit,
1179 1696 1282 1735 cur
1312 1676 1467 1735 Zeno
1501 1676 1574 1733 ab
1609 1675 1716 1733 hac
1749 1675 1989 1752 antiqua

289 1754 708 1813 constitutione
741 1756 1062 1828 desciverit,
1092 1757 1369 1835 quidnam
1405 1756 1612 1813 horum
1655 1754 1729 1813 ab
1763 1774 1833 1812 eo
1867 1773 1988 1812 nou

290 1834 370 1891 sit
416 1834 760 1912 probatum:
818 1836 1051 1913 quodne
1098 1856 1333 1896 omnem
1381 1844 1644 1894 naturam
1695 1853 1989 1892 conserva-

288 1914 494 1972 tricem
523 1915 614 1973 sui
634 1915 900 1988 dixerint,
925 1935 996 1973 an
1028 1917 1187 1994 quod
1215 1936 1387 1976 omne
1415 1916 1628 1974 animal
1657 1915 1847 1992 ipsum
1877 1913 1987 1972 sibi

289 1995 779 2066 commendatum,
810 2003 877 2054 ut
909 2016 969 2054 se
1004 1990 1115 2075 [et]
1152 1997 1369 2055 salvum
1403 1997 1465 2055 in
1509 2015 1614 2054 suo
1656 2014 1864 2073 genere
1905 1996 1990 2052 in-

290 2074 632 2153 columeque
656 2074 839 2147 vellet,
863 2095 933 2133 an
966 2078 1137 2151 quod,
1160 2096 1292 2135 cum
1323 2076 1582 2135 omnium
1614 2076 1825 2134 artium
1854 2074 1987 2132 finis

288 2154 341 2211 is
369 2161 536 2226 esset,
562 2174 733 2232 quem
762 2162 967 2214 natura
999 2158 1255 2216 maxime
1283 2164 1594 2236 quaereret,
1620 2156 1773 2214 idem
1810 2156 1987 2213 statui

289 2233 498 2293 debere
531 2234 604 2293 de
637 2236 817 2294 totius
857 2244 978 2294 arte
1012 2237 1179 2308 vitae,
1210 2257 1281 2295 an
1318 2238 1492 2316 quod,
1523 2256 1653 2295 cum
1690 2256 1759 2295 ex
1793 2236 1988 2293 animo

289 2322 685 2374 constaremus
717 2322 776 2373 et
804 2335 1061 2395 corpore,
1085 2326 1145 2376 et
1171 2317 1312 2376 haec
1341 2319 1467 2395 ipsa
1494 2324 1554 2375 et
1582 2334 1781 2375 eorum
1812 2316 1989 2373 virtu-

290 2401 378 2452 tes
419 2413 525 2471 per
564 2414 625 2453 se
667 2413 788 2453 esse
830 2396 1153 2455 sumendas,
1238 2398 1336 2455 An
1377 2416 1514 2456 vero
1554 2395 1852 2473 displicuit
1900 2414 1984 2465 ea,

291 2493 439 2551 quae
474 2474 693 2533 tributa
726 2483 812 2533 est
846 2477 1024 2534 animi
1060 2477 1372 2535 virtutibus
1404 2483 1569 2534 tanta
1601 2475 1988 2552 praestantia?

290 2573 382 2625 an,
410 2573 558 2631 quae
591 2554 664 2612 de
697 2555 1022 2632 prudentia,
1046 2557 1118 2614 de
1152 2556 1485 2635 cognitione
1518 2574 1724 2626 rerum,
1748 2553 1822 2611 de
1855 2572 1989 2610 con-

290 2633 588 2691 iunctione
637 2635 864 2712 generis
917 2636 1173 2708 humani,
1220 2655 1478 2714 quaeque
1533 2635 1606 2692 ab
1660 2634 1866 2691 iisdem
1913 2632 1988 2691 de

288 2715 691 2789 temperantia,
715 2714 789 2773 de
823 2715 1123 2787 modestia,
1149 2717 1222 2774 de
1261 2716 1659 2793 magnitudine
1693 2713 1888 2784 animi,
1912 2712 1987 2771 de

290 2793 454 2850 omni
495 2792 799 2853 honestate
836 2795 1145 2854 dicuntur?
1227 2795 1583 2853 Fatebuntur
1614 2794 1812 2863 Stoici,
1847 2792 1987 2851 haec

289 2872 490 2940 omnia
509 2872 667 2931 dicta
693 2894 813 2932 esse
841 2875 1124 2953 praeclare
1147 2895 1332 2954 neque
1360 2895 1485 2934 eam
1514 2893 1740 2933 causam
1771 2873 1989 2931 Zenoni

289 2952 647 3011 desciscendi
675 2954 871 3012 fuisse.
957 2961 1051 3012 20.
1083 2955 1219 3013 Alia
1248 2956 1527 3033 quaedam
1556 2954 1767 3024 dicent,
1792 2952 1981 3024 cred0,

288 3050 505 3108 magna
544 3034 911 3111 antiquorum
957 3053 1079 3092 esse
1119 3042 1371 3112 peccata,
1404 3053 1548 3112 quae
1588 3033 1701 3104 ille,
1733 3033 1852 3091 'veri
1900 3030 1994 3090 in-'

290 3112 616 3188 vestigandi
645 3114 905 3190 cupidus,
925 3112 1084 3171 nullo
1114 3114 1291 3171 modo
1320 3114 1469 3171 ferre
1491 3114 1759 3190 potuerit.
1833 3112 1986 3181 Quid

288 3190 443 3249 enim
496 3194 834 3269 perversiUS,
884 3193 1026 3270 quid
1079 3193 1511 3264 intolerabiliuS,
1559 3193 1701 3268 quid
1757 3193 1991 3251 stultius
