<?xml version="1.0" encoding="UTF-8"?>
<!DOCTYPE html PUBLIC "-//W3C//DTD XHTML 1.0 Transitional//EN"
    "http://www.w3.org/TR/xhtml1/DTD/xhtml1-transitional.dtd">
<html xmlns="http://www.w3.org/1999/xhtml" xml:lang="en" lang="en">
 <head>
  <title>
</title>
<meta http-equiv="Content-Type" content="text/html;charset=utf-8" />
  <meta name='ocr-system' content='tesseract 3.04.00' />
  <meta name='ocr-capabilities' content='ocr_page ocr_carea ocr_par ocr_line ocrx_word'/>
</head>
<body>
  <div class='ocr_page' id='page_1' title='image "./definibusbonoru05cicegoog_0038.png"; bbox 0 0 2259 3467; ppageno 0'>
   <div class='ocr_carea' id='block_1_1' title="bbox 264 108 1782 161">
    <p class='ocr_par' dir='ltr' id='par_1_1' title="bbox 264 108 1782 161">
     <span class='ocr_line' id='line_1_1' title="bbox 264 108 1782 161; baseline -0.001 0"><span class='ocrx_word' id='word_1_1' title='bbox 264 113 328 161; x_wconf 83' lang='lat'>28</span> <span class='ocrx_word' id='word_1_2' title='bbox 428 111 528 160; x_wconf 89' lang='lat' dir='ltr'>DE</span> <span class='ocrx_word' id='word_1_3' title='bbox 557 110 850 160; x_wconf 88' lang='lat' dir='ltr'>FINIBUS</span> <span class='ocrx_word' id='word_1_4' title='bbox 883 108 1237 160; x_wconf 78' lang='lat' dir='ltr'>BONORUM</span> <span class='ocrx_word' id='word_1_5' title='bbox 1277 110 1371 159; x_wconf 86' lang='lat' dir='ltr'>ET</span> <span class='ocrx_word' id='word_1_6' title='bbox 1402 110 1782 160; x_wconf 81' lang='lat' dir='ltr'>MALORUM.</span> 
     </span>
    </p>
   </div>
   <div class='ocr_carea' id='block_1_2' title="bbox 261 209 1956 3169">
    <p class='ocr_par' dir='ltr' id='par_1_2' title="bbox 261 209 1956 3010">
     <span class='ocr_line' id='line_1_2' title="bbox 265 209 1950 289; baseline 0.001 -21"><span class='ocrx_word' id='word_1_7' title='bbox 265 211 560 289; x_wconf 85' lang='lat' dir='ltr'>voluptate</span> <span class='ocrx_word' id='word_1_8' title='bbox 589 210 965 268; x_wconf 88' lang='lat' dir='ltr'>connectitur.</span> <span class='ocrx_word' id='word_1_9' title='bbox 1052 209 1203 267; x_wconf 87' lang='lat' dir='ltr'>Nam</span> <span class='ocrx_word' id='word_1_10' title='bbox 1235 217 1294 268; x_wconf 90' lang='lat' dir='ltr'>et</span> <span class='ocrx_word' id='word_1_11' title='bbox 1325 210 1604 269; x_wconf 86' lang='lat' dir='ltr'>laetamur</span> <span class='ocrx_word' id='word_1_12' title='bbox 1636 212 1950 270; x_wconf 87' lang='lat' dir='ltr'>amicorum</span> 
     </span>
     <span class='ocr_line' id='line_1_3' title="bbox 264 291 1954 369; baseline 0.001 -21"><span class='ocrx_word' id='word_1_13' title='bbox 264 291 482 350; x_wconf 85' lang='lat' dir='ltr'>laetitia</span> <span class='ocrx_word' id='word_1_14' title='bbox 509 310 686 368; x_wconf 88' lang='lat' dir='ltr'>aeque</span> <span class='ocrx_word' id='word_1_15' title='bbox 708 298 880 369; x_wconf 86' lang='lat' dir='ltr'>atque</span> <span class='ocrx_word' id='word_1_16' title='bbox 909 297 1106 348; x_wconf 86' lang='lat' dir='ltr'>nostra</span> <span class='ocrx_word' id='word_1_17' title='bbox 1133 299 1193 349; x_wconf 90' lang='lat' dir='ltr'>ct</span> <span class='ocrx_word' id='word_1_18' title='bbox 1213 291 1426 367; x_wconf 87' lang='lat' dir='ltr'>pariter</span> <span class='ocrx_word' id='word_1_19' title='bbox 1442 291 1704 350; x_wconf 84' lang='lat' dir='ltr'>dolemus</span> <span class='ocrx_word' id='word_1_20' title='bbox 1730 293 1954 367; x_wconf 74' lang='lat' dir='ltr'>angori-</span> 
     </span>
     <span class='ocr_line' id='line_1_4' title="bbox 266 370 1955 448; baseline 0.001 -20"><span class='ocrx_word' id='word_1_21' title='bbox 266 371 386 430; x_wconf 79' lang='lat' dir='ltr'>bus,</span> <span class='ocrx_word' id='word_1_22' title='bbox 460 376 553 429; x_wconf 82' lang='lat'>68.</span> <span class='ocrx_word' id='word_1_23' title='bbox 591 370 875 439; x_wconf 80' lang='lat' dir='ltr'>Quocirca</span> <span class='ocrx_word' id='word_1_24' title='bbox 895 371 1099 428; x_wconf 88' lang='lat' dir='ltr'>eodem</span> <span class='ocrx_word' id='word_1_25' title='bbox 1128 372 1307 429; x_wconf 90' lang='lat' dir='ltr'>modo</span> <span class='ocrx_word' id='word_1_26' title='bbox 1335 371 1562 448; x_wconf 89' lang='lat' dir='ltr'>sapiens</span> <span class='ocrx_word' id='word_1_27' title='bbox 1582 373 1692 429; x_wconf 86' lang='lat' dir='ltr'>erit</span> <span class='ocrx_word' id='word_1_28' title='bbox 1713 372 1955 431; x_wconf 83' lang='lat' dir='ltr'>affectus</span> 
     </span>
     <span class='ocr_line' id='line_1_5' title="bbox 262 450 1955 545; baseline 0 -35"><span class='ocrx_word' id='word_1_29' title='bbox 262 470 398 529; x_wconf 88' lang='lat' dir='ltr'>erga</span> <span class='ocrx_word' id='word_1_30' title='bbox 425 451 691 521; x_wconf 89' lang='lat' dir='ltr'>amicum,</span> <span class='ocrx_word' id='word_1_31' title='bbox 713 470 828 528; x_wconf 90' lang='lat' dir='ltr'>quo</span> <span class='ocrx_word' id='word_1_32' title='bbox 848 450 908 507; x_wconf 91' lang='lat' dir='ltr'>in</span> <span class='ocrx_word' id='word_1_33' title='bbox 932 470 993 509; x_wconf 87' lang='lat' dir='ltr'>se</span> <span class='ocrx_word' id='word_1_34' title='bbox 1020 451 1230 527; x_wconf 87' lang='lat' dir='ltr'>ipsum,</span> <span class='ocrx_word' id='word_1_35' title='bbox 1256 470 1515 529; x_wconf 87' lang='lat' dir='ltr'>quosque</span> <span class='ocrx_word' id='word_1_36' title='bbox 1542 450 1764 510; x_wconf 88' lang='lat' dir='ltr'>labores</span> <span class='ocrx_word' id='word_1_37' title='bbox 1784 472 1955 545; x_wconf 82' lang='lat' dir='ltr'>prop-</span> 
     </span>
     <span class='ocr_line' id='line_1_6' title="bbox 262 531 1955 609; baseline 0.001 -20"><span class='ocrx_word' id='word_1_38' title='bbox 262 540 350 589; x_wconf 87' lang='lat' dir='ltr'>ter</span> <span class='ocrx_word' id='word_1_39' title='bbox 398 550 557 589; x_wconf 88' lang='lat' dir='ltr'>suam</span> <span class='ocrx_word' id='word_1_40' title='bbox 602 531 958 608; x_wconf 85' lang='lat' dir='ltr'>voluptatem</span> <span class='ocrx_word' id='word_1_41' title='bbox 1017 532 1347 608; x_wconf 84' lang='lat' dir='ltr'>susciperet,</span> <span class='ocrx_word' id='word_1_42' title='bbox 1388 531 1622 590; x_wconf 89' lang='lat' dir='ltr'>eosdem</span> <span class='ocrx_word' id='word_1_43' title='bbox 1679 533 1955 609; x_wconf 81' lang='lat' dir='ltr'>suscipiet</span> 
     </span>
     <span class='ocr_line' id='line_1_7' title="bbox 263 610 1955 689; baseline 0.001 -20"><span class='ocrx_word' id='word_1_44' title='bbox 263 619 499 689; x_wconf 88' lang='lat' dir='ltr'>propter</span> <span class='ocrx_word' id='word_1_45' title='bbox 530 611 701 669; x_wconf 90' lang='lat' dir='ltr'>amici</span> <span class='ocrx_word' id='word_1_46' title='bbox 746 610 1122 688; x_wconf 73' lang='lat' dir='ltr'>v-oluptatem</span> <span class='ocrx_word' id='word_1_47' title='bbox 1216 610 1488 689; x_wconf 81' lang='lat' dir='ltr'>Quaeque</span> <span class='ocrx_word' id='word_1_48' title='bbox 1526 611 1600 670; x_wconf 87' lang='lat' dir='ltr'>de</span> <span class='ocrx_word' id='word_1_49' title='bbox 1642 612 1955 670; x_wconf 81' lang='lat' dir='ltr'>virtutibus</span> 
     </span>
     <span class='ocr_line' id='line_1_8' title="bbox 263 691 1954 770; baseline 0.001 -21"><span class='ocrx_word' id='word_1_50' title='bbox 263 692 418 749; x_wconf 85' lang='lat' dir='ltr'>dicta</span> <span class='ocrx_word' id='word_1_51' title='bbox 455 701 606 762; x_wconf 85' lang='lat' dir='ltr'>sunt,</span> <span class='ocrx_word' id='word_1_52' title='bbox 638 691 1126 768; x_wconf 85' lang='lat' dir='ltr'>quemadmodum</span> <span class='ocrx_word' id='word_1_53' title='bbox 1163 710 1262 749; x_wconf 89' lang='lat' dir='ltr'>cae</span> <span class='ocrx_word' id='word_1_54' title='bbox 1301 710 1527 768; x_wconf 83' lang='lat' dir='ltr'>semper</span> <span class='ocrx_word' id='word_1_55' title='bbox 1559 691 1954 770; x_wconf 87' lang='lat' dir='ltr'>voluptatibus</span> 
     </span>
     <span class='ocr_line' id='line_1_9' title="bbox 262 771 1955 841; baseline 0.001 -12"><span class='ocrx_word' id='word_1_56' title='bbox 262 771 640 841; x_wconf 82' lang='lat' dir='ltr'>inhaererent,</span> <span class='ocrx_word' id='word_1_57' title='bbox 666 771 863 828; x_wconf 88' lang='lat' dir='ltr'>eadem</span> <span class='ocrx_word' id='word_1_58' title='bbox 895 771 968 828; x_wconf 91' lang='lat' dir='ltr'>de</span> <span class='ocrx_word' id='word_1_59' title='bbox 1001 771 1259 829; x_wconf 85' lang='lat' dir='ltr'>amicitia</span> <span class='ocrx_word' id='word_1_60' title='bbox 1285 771 1528 829; x_wconf 84' lang='lat' dir='ltr'>dicenda</span> <span class='ocrx_word' id='word_1_61' title='bbox 1555 780 1706 830; x_wconf 86' lang='lat' dir='ltr'>sunt.</span> <span class='ocrx_word' id='word_1_62' title='bbox 1785 772 1955 830; x_wconf 87' lang='lat' dir='ltr'>Prae-</span> 
     </span>
     <span class='ocr_line' id='line_1_10' title="bbox 261 850 1949 930; baseline 0.001 -22"><span class='ocrx_word' id='word_1_63' title='bbox 261 851 408 909; x_wconf 83' lang='lat' dir='ltr'>clare</span> <span class='ocrx_word' id='word_1_64' title='bbox 426 852 581 909; x_wconf 91' lang='lat' dir='ltr'>enim</span> <span class='ocrx_word' id='word_1_65' title='bbox 601 850 882 927; x_wconf 83' lang='lat' dir='ltr'>Epicurus</span> <span class='ocrx_word' id='word_1_66' title='bbox 909 851 1000 908; x_wconf 92' lang='lat' dir='ltr'>his</span> <span class='ocrx_word' id='word_1_67' title='bbox 1021 870 1205 928; x_wconf 88' lang='lat' dir='ltr'>paene</span> <span class='ocrx_word' id='word_1_68' title='bbox 1226 851 1443 910; x_wconf 86' lang='lat' dir='ltr'>verbis:</span> <span class='ocrx_word' id='word_1_69' title='bbox 1479 852 1720 923; x_wconf 79' lang='lat' dir='ltr'>Eadem,</span> <span class='ocrx_word' id='word_1_70' title='bbox 1740 851 1949 930; x_wconf 87' lang='lat' dir='ltr'>inquit,</span> 
     </span>
     <span class='ocr_line' id='line_1_11' title="bbox 264 931 1951 1006; baseline 0.001 -18"><span class='ocrx_word' id='word_1_71' title='bbox 264 932 539 988; x_wconf 77' lang='lat' dir='ltr'>sententia</span> <span class='ocrx_word' id='word_1_72' title='bbox 569 931 930 1006; x_wconf 78' lang='lat' dir='ltr'>confirmavit</span> <span class='ocrx_word' id='word_1_73' title='bbox 957 932 1237 1002; x_wconf 79' lang='lat' dir='ltr'>animum,</span> <span class='ocrx_word' id='word_1_74' title='bbox 1261 951 1329 989; x_wconf 81' lang='lat' dir='ltr'>ne</span> <span class='ocrx_word' id='word_1_75' title='bbox 1356 932 1511 1005; x_wconf 83' lang='lat' dir='ltr'>quod</span> <span class='ocrx_word' id='word_1_76' title='bbox 1536 939 1642 988; x_wconf 81' lang='lat' dir='ltr'>aut</span> <span class='ocrx_word' id='word_1_77' title='bbox 1669 934 1951 1006; x_wconf 74' lang='lat' dir='ltr'>sempiter-</span> 
     </span>
     <span class='ocr_line' id='line_1_12' title="bbox 262 1011 1950 1086; baseline 0 -18"><span class='ocrx_word' id='word_1_78' title='bbox 262 1031 405 1068; x_wconf 76' lang='lat' dir='ltr'>num</span> <span class='ocrx_word' id='word_1_79' title='bbox 436 1019 543 1068; x_wconf 82' lang='lat' dir='ltr'>aut</span> <span class='ocrx_word' id='word_1_80' title='bbox 575 1012 924 1068; x_wconf 75' lang='lat' dir='ltr'>diuturnum</span> <span class='ocrx_word' id='word_1_81' title='bbox 966 1011 1184 1068; x_wconf 82' lang='lat' dir='ltr'>timeret</span> <span class='ocrx_word' id='word_1_82' title='bbox 1216 1012 1456 1082; x_wconf 84' lang='lat' dir='ltr'>malum,</span> <span class='ocrx_word' id='word_1_83' title='bbox 1477 1031 1623 1085; x_wconf 81' lang='lat' dir='ltr'>quae</span> <span class='ocrx_word' id='word_1_84' title='bbox 1645 1013 1950 1086; x_wconf 74' lang='lat' dir='ltr'>perspexit,</span> 
     </span>
     <span class='ocr_line' id='line_1_13' title="bbox 263 1092 1954 1167; baseline 0.002 -21"><span class='ocrx_word' id='word_1_85' title='bbox 263 1092 326 1147; x_wconf 83' lang='lat' dir='ltr'>in</span> <span class='ocrx_word' id='word_1_86' title='bbox 354 1092 456 1148; x_wconf 77' lang='lat' dir='ltr'>hoc</span> <span class='ocrx_word' id='word_1_87' title='bbox 482 1093 606 1165; x_wconf 77' lang='lat' dir='ltr'>ipso</span> <span class='ocrx_word' id='word_1_88' title='bbox 634 1093 782 1147; x_wconf 81' lang='lat' dir='ltr'>vitae</span> <span class='ocrx_word' id='word_1_89' title='bbox 808 1092 997 1164; x_wconf 77' lang='lat' dir='ltr'>spatio</span> <span class='ocrx_word' id='word_1_90' title='bbox 1023 1092 1311 1149; x_wconf 81' lang='lat' dir='ltr'>amicitiae</span> <span class='ocrx_word' id='word_1_91' title='bbox 1330 1092 1691 1165; x_wconf 75' lang='lat' dir='ltr'>praesidium</span> <span class='ocrx_word' id='word_1_92' title='bbox 1719 1111 1830 1149; x_wconf 74' lang='lat' dir='ltr'>esse</span> <span class='ocrx_word' id='word_1_93' title='bbox 1841 1094 1954 1167; x_wconf 84' lang='lat' dir='ltr'>fir-</span> 
     </span>
     <span class='ocr_line' id='line_1_14' title="bbox 264 1171 1955 1250; baseline 0.001 -23"><span class='ocrx_word' id='word_1_94' title='bbox 264 1172 603 1228; x_wconf 78' lang='lat' dir='ltr'>missimum.</span> <span class='ocrx_word' id='word_1_95' title='bbox 689 1176 782 1229; x_wconf 82' lang='lat'>69.</span> <span class='ocrx_word' id='word_1_96' title='bbox 828 1171 977 1229; x_wconf 88' lang='lat' dir='ltr'>Sunt</span> <span class='ocrx_word' id='word_1_97' title='bbox 1009 1181 1203 1229; x_wconf 88' lang='lat' dir='ltr'>autem</span> <span class='ocrx_word' id='word_1_98' title='bbox 1233 1171 1469 1250; x_wconf 89' lang='lat' dir='ltr'>quidam</span> <span class='ocrx_word' id='word_1_99' title='bbox 1505 1171 1771 1248; x_wconf 84' lang='lat' dir='ltr'>Epicurei</span> <span class='ocrx_word' id='word_1_100' title='bbox 1799 1173 1955 1230; x_wconf 86' lang='lat' dir='ltr'>timi-</span> 
     </span>
     <span class='ocr_line' id='line_1_15' title="bbox 265 1251 1955 1328; baseline 0 -19"><span class='ocrx_word' id='word_1_101' title='bbox 265 1251 454 1309; x_wconf 85' lang='lat' dir='ltr'>diores</span> <span class='ocrx_word' id='word_1_102' title='bbox 488 1251 660 1328; x_wconf 90' lang='lat' dir='ltr'>paulo</span> <span class='ocrx_word' id='word_1_103' title='bbox 694 1258 894 1308; x_wconf 88' lang='lat' dir='ltr'>contra</span> <span class='ocrx_word' id='word_1_104' title='bbox 928 1259 1114 1308; x_wconf 84' lang='lat' dir='ltr'>vestra</span> <span class='ocrx_word' id='word_1_105' title='bbox 1146 1252 1420 1322; x_wconf 82' lang='lat' dir='ltr'>convicia,</span> <span class='ocrx_word' id='word_1_106' title='bbox 1452 1252 1555 1309; x_wconf 89' lang='lat' dir='ltr'>sed</span> <span class='ocrx_word' id='word_1_107' title='bbox 1586 1260 1777 1310; x_wconf 84' lang='lat' dir='ltr'>tamen</span> <span class='ocrx_word' id='word_1_108' title='bbox 1814 1253 1955 1310; x_wconf 88' lang='lat' dir='ltr'>satis</span> 
     </span>
     <span class='ocr_line' id='line_1_16' title="bbox 264 1331 1953 1425; baseline 0.001 -37"><span class='ocrx_word' id='word_1_109' title='bbox 264 1332 436 1402; x_wconf 90' lang='lat' dir='ltr'>acuti,</span> <span class='ocrx_word' id='word_1_110' title='bbox 462 1331 561 1409; x_wconf 90' lang='lat' dir='ltr'>qui</span> <span class='ocrx_word' id='word_1_111' title='bbox 590 1339 872 1402; x_wconf 87' lang='lat' dir='ltr'>verentur,</span> <span class='ocrx_word' id='word_1_112' title='bbox 897 1351 987 1401; x_wconf 90' lang='lat' dir='ltr'>ne,</span> <span class='ocrx_word' id='word_1_113' title='bbox 1007 1331 1056 1388; x_wconf 89' lang='lat' dir='ltr'>si</span> <span class='ocrx_word' id='word_1_114' title='bbox 1084 1332 1400 1389; x_wconf 81' lang='lat' dir='ltr'>amicitiam</span> <span class='ocrx_word' id='word_1_115' title='bbox 1428 1340 1678 1425; x_wconf 77' lang='lat' dir='ltr'>propter</span> <span class='ocrx_word' id='word_1_116' title='bbox 1694 1340 1953 1408; x_wconf 83' lang='lat' dir='ltr'>nostram</span> 
     </span>
     <span class='ocr_line' id='line_1_17' title="bbox 265 1405 1956 1492; baseline 0.001 -23"><span class='ocrx_word' id='word_1_117' title='bbox 265 1411 620 1488; x_wconf 88' lang='lat' dir='ltr'>voluptatem</span> <span class='ocrx_word' id='word_1_118' title='bbox 649 1411 1023 1488; x_wconf 74' lang='lat' dir='ltr'>expetendam</span> <span class='ocrx_word' id='word_1_119' title='bbox 1057 1419 1342 1489; x_wconf 78' lang='lat' dir='ltr'>putemuS,</span> <span class='ocrx_word' id='word_1_120' title='bbox 1368 1420 1493 1469; x_wconf 86' lang='lat' dir='ltr'>tota</span> <span class='ocrx_word' id='word_1_121' title='bbox 1512 1405 1768 1470; x_wconf 85' lang='lat' dir='ltr'>amicitia</span> <span class='ocrx_word' id='word_1_122' title='bbox 1789 1412 1956 1492; x_wconf 85' lang='lat' dir='ltr'>quasi</span> 
     </span>
     <span class='ocr_line' id='line_1_18' title="bbox 264 1490 1956 1570; baseline 0.002 -22"><span class='ocrx_word' id='word_1_123' title='bbox 264 1491 580 1549; x_wconf 83' lang='lat' dir='ltr'>claudicare</span> <span class='ocrx_word' id='word_1_124' title='bbox 601 1490 1151 1568; x_wconf 86' lang='lat' dir='ltr'>videatur.1taque</span> <span class='ocrx_word' id='word_1_125' title='bbox 1180 1491 1399 1568; x_wconf 91' lang='lat' dir='ltr'>primos</span> <span class='ocrx_word' id='word_1_126' title='bbox 1419 1511 1757 1568; x_wconf 85' lang='lat' dir='ltr'>congressus</span> <span class='ocrx_word' id='word_1_127' title='bbox 1776 1511 1956 1570; x_wconf 88' lang='lat' dir='ltr'>copu-</span> 
     </span>
     <span class='ocr_line' id='line_1_19' title="bbox 264 1543 1954 1649; baseline 0.001 -20"><span class='ocrx_word' id='word_1_128' title='bbox 264 1571 620 1649; x_wconf 89' lang='lat' dir='ltr'>lationesque</span> <span class='ocrx_word' id='word_1_129' title='bbox 648 1579 707 1629; x_wconf 89' lang='lat' dir='ltr'>et</span> <span class='ocrx_word' id='word_1_130' title='bbox 733 1571 1217 1630; x_wconf 87' lang='lat' dir='ltr'>consvetudinum</span> <span class='ocrx_word' id='word_1_131' title='bbox 1247 1543 1728 1631; x_wconf 81' lang='lat' dir='ltr'>instituendarum</span> <span class='ocrx_word' id='word_1_132' title='bbox 1757 1573 1954 1631; x_wconf 82' lang='lat' dir='ltr'>volun-</span> 
     </span>
     <span class='ocr_line' id='line_1_20' title="bbox 263 1651 1955 1731; baseline 0.001 -22"><span class='ocrx_word' id='word_1_133' title='bbox 263 1660 412 1710; x_wconf 87' lang='lat' dir='ltr'>tates</span> <span class='ocrx_word' id='word_1_134' title='bbox 444 1651 567 1710; x_wconf 88' lang='lat' dir='ltr'>fieri</span> <span class='ocrx_word' id='word_1_135' title='bbox 601 1659 838 1730; x_wconf 86' lang='lat' dir='ltr'>propter</span> <span class='ocrx_word' id='word_1_136' title='bbox 871 1651 1245 1729; x_wconf 86' lang='lat' dir='ltr'>voluptatem,</span> <span class='ocrx_word' id='word_1_137' title='bbox 1270 1671 1403 1710; x_wconf 90' lang='lat' dir='ltr'>cum</span> <span class='ocrx_word' id='word_1_138' title='bbox 1437 1660 1630 1710; x_wconf 89' lang='lat' dir='ltr'>autem</span> <span class='ocrx_word' id='word_1_139' title='bbox 1661 1672 1797 1711; x_wconf 90' lang='lat' dir='ltr'>usus</span> <span class='ocrx_word' id='word_1_140' title='bbox 1825 1673 1955 1731; x_wconf 93' lang='lat' dir='ltr'>pro-</span> 
     </span>
     <span class='ocr_line' id='line_1_21' title="bbox 263 1732 1955 1810; baseline 0 -19"><span class='ocrx_word' id='word_1_141' title='bbox 263 1733 529 1810; x_wconf 85' lang='lat' dir='ltr'>grediens</span> <span class='ocrx_word' id='word_1_142' title='bbox 562 1733 1011 1790; x_wconf 85' lang='lat' dir='ltr'>familiaritatem</span> <span class='ocrx_word' id='word_1_143' title='bbox 1047 1732 1319 1803; x_wconf 83' lang='lat' dir='ltr'>effecerit,</span> <span class='ocrx_word' id='word_1_144' title='bbox 1350 1739 1473 1790; x_wconf 90' lang='lat' dir='ltr'>tum</span> <span class='ocrx_word' id='word_1_145' title='bbox 1514 1752 1764 1791; x_wconf 88' lang='lat' dir='ltr'>amorem</span> <span class='ocrx_word' id='word_1_146' title='bbox 1801 1733 1955 1791; x_wconf 89' lang='lat' dir='ltr'>efflo-</span> 
     </span>
     <span class='ocr_line' id='line_1_22' title="bbox 263 1812 1955 1884; baseline 0 -13"><span class='ocrx_word' id='word_1_147' title='bbox 263 1833 477 1871; x_wconf 76' lang='lat' dir='ltr'>rescere</span> <span class='ocrx_word' id='word_1_148' title='bbox 511 1821 758 1883; x_wconf 87' lang='lat' dir='ltr'>tantum,</span> <span class='ocrx_word' id='word_1_149' title='bbox 788 1821 870 1884; x_wconf 90' lang='lat' dir='ltr'>ut,</span> <span class='ocrx_word' id='word_1_150' title='bbox 895 1813 1119 1870; x_wconf 88' lang='lat' dir='ltr'>etiamsi</span> <span class='ocrx_word' id='word_1_151' title='bbox 1162 1812 1320 1869; x_wconf 89' lang='lat' dir='ltr'>nulla</span> <span class='ocrx_word' id='word_1_152' title='bbox 1351 1813 1426 1871; x_wconf 91' lang='lat' dir='ltr'>sit</span> <span class='ocrx_word' id='word_1_153' title='bbox 1462 1813 1679 1871; x_wconf 91' lang='lat' dir='ltr'>utilitas</span> <span class='ocrx_word' id='word_1_154' title='bbox 1712 1833 1781 1872; x_wconf 86' lang='lat' dir='ltr'>ex</span> <span class='ocrx_word' id='word_1_155' title='bbox 1815 1814 1955 1871; x_wconf 87' lang='lat' dir='ltr'>ami-</span> 
     </span>
     <span class='ocr_line' id='line_1_23' title="bbox 264 1893 1949 1970; baseline 0 -18"><span class='ocrx_word' id='word_1_156' title='bbox 264 1894 414 1964; x_wconf 87' lang='lat' dir='ltr'>citia,</span> <span class='ocrx_word' id='word_1_157' title='bbox 445 1901 638 1951; x_wconf 87' lang='lat' dir='ltr'>tamen</span> <span class='ocrx_word' id='word_1_158' title='bbox 680 1893 793 1969; x_wconf 91' lang='lat' dir='ltr'>ipsi</span> <span class='ocrx_word' id='word_1_159' title='bbox 840 1893 1011 1950; x_wconf 84' lang='lat' dir='ltr'>amici</span> <span class='ocrx_word' id='word_1_160' title='bbox 1064 1900 1303 1969; x_wconf 87' lang='lat' dir='ltr'>propter</span> <span class='ocrx_word' id='word_1_161' title='bbox 1350 1912 1411 1950; x_wconf 87' lang='lat' dir='ltr'>se</span> <span class='ocrx_word' id='word_1_162' title='bbox 1459 1893 1617 1970; x_wconf 87' lang='lat' dir='ltr'>ipsos</span> <span class='ocrx_word' id='word_1_163' title='bbox 1670 1901 1949 1953; x_wconf 86' lang='lat' dir='ltr'>amentur.</span> 
     </span>
     <span class='ocr_line' id='line_1_24' title="bbox 264 1972 1954 2049; baseline 0 -19"><span class='ocrx_word' id='word_1_164' title='bbox 264 1973 497 2030; x_wconf 88' lang='lat' dir='ltr'>Etenim</span> <span class='ocrx_word' id='word_1_165' title='bbox 531 1973 579 2030; x_wconf 89' lang='lat' dir='ltr'>si</span> <span class='ocrx_word' id='word_1_166' title='bbox 608 1973 749 2043; x_wconf 89' lang='lat' dir='ltr'>loca,</span> <span class='ocrx_word' id='word_1_167' title='bbox 772 1973 819 2029; x_wconf 88' lang='lat' dir='ltr'>si</span> <span class='ocrx_word' id='word_1_168' title='bbox 849 1972 1000 2042; x_wconf 87' lang='lat' dir='ltr'>fana,</span> <span class='ocrx_word' id='word_1_169' title='bbox 1026 1974 1075 2029; x_wconf 89' lang='lat' dir='ltr'>si</span> <span class='ocrx_word' id='word_1_170' title='bbox 1105 1972 1288 2043; x_wconf 77' lang='lat' dir='ltr'>urbeS,</span> <span class='ocrx_word' id='word_1_171' title='bbox 1317 1972 1361 2029; x_wconf 86' lang='lat' dir='ltr'>si</span> <span class='ocrx_word' id='word_1_172' title='bbox 1392 1973 1710 2049; x_wconf 80' lang='lat' dir='ltr'>gymnasia,</span> <span class='ocrx_word' id='word_1_173' title='bbox 1735 1973 1784 2030; x_wconf 88' lang='lat' dir='ltr'>si</span> <span class='ocrx_word' id='word_1_174' title='bbox 1805 1992 1954 2031; x_wconf 89' lang='lat' dir='ltr'>cam-</span> 
     </span>
     <span class='ocr_line' id='line_1_25' title="bbox 264 2051 1954 2130; baseline 0.001 -21"><span class='ocrx_word' id='word_1_175' title='bbox 264 2072 423 2130; x_wconf 87' lang='lat' dir='ltr'>pum,</span> <span class='ocrx_word' id='word_1_176' title='bbox 464 2053 512 2109; x_wconf 91' lang='lat' dir='ltr'>si</span> <span class='ocrx_word' id='word_1_177' title='bbox 561 2072 744 2122; x_wconf 76' lang='lat' dir='ltr'>eaneS,</span> <span class='ocrx_word' id='word_1_178' title='bbox 788 2052 836 2109; x_wconf 89' lang='lat' dir='ltr'>si</span> <span class='ocrx_word' id='word_1_179' title='bbox 890 2070 1084 2129; x_wconf 65' lang='lat' dir='ltr'>eqnmz,</span> <span class='ocrx_word' id='word_1_180' title='bbox 1126 2052 1176 2109; x_wconf 86' lang='lat' dir='ltr'>si</span> <span class='ocrx_word' id='word_1_181' title='bbox 1226 2051 1445 2110; x_wconf 87' lang='lat' dir='ltr'>ludicra</span> <span class='ocrx_word' id='word_1_182' title='bbox 1498 2053 1797 2111; x_wconf 87' lang='lat' dir='ltr'>exercendi</span> <span class='ocrx_word' id='word_1_183' title='bbox 1852 2061 1954 2112; x_wconf 88' lang='lat' dir='ltr'>aut</span> 
     </span>
     <span class='ocr_line' id='line_1_26' title="bbox 265 2131 1954 2210; baseline 0.001 -21"><span class='ocrx_word' id='word_1_184' title='bbox 265 2132 507 2190; x_wconf 88' lang='lat' dir='ltr'>venandi</span> <span class='ocrx_word' id='word_1_185' title='bbox 539 2131 948 2190; x_wconf 86' lang='lat' dir='ltr'>consvetudine</span> <span class='ocrx_word' id='word_1_186' title='bbox 976 2131 1240 2189; x_wconf 86' lang='lat' dir='ltr'>adamare</span> <span class='ocrx_word' id='word_1_187' title='bbox 1269 2132 1534 2204; x_wconf 73' lang='lat' dir='ltr'>solemuS,</span> <span class='ocrx_word' id='word_1_188' title='bbox 1562 2141 1777 2210; x_wconf 88' lang='lat' dir='ltr'>quanto</span> <span class='ocrx_word' id='word_1_189' title='bbox 1809 2133 1870 2191; x_wconf 90' lang='lat' dir='ltr'>id</span> <span class='ocrx_word' id='word_1_190' title='bbox 1891 2135 1954 2191; x_wconf 87' lang='lat' dir='ltr'>in</span> 
     </span>
     <span class='ocr_line' id='line_1_27' title="bbox 264 2211 1954 2289; baseline 0.001 -20"><span class='ocrx_word' id='word_1_191' title='bbox 264 2212 568 2269; x_wconf 89' lang='lat' dir='ltr'>hominum</span> <span class='ocrx_word' id='word_1_192' title='bbox 611 2211 1021 2269; x_wconf 88' lang='lat' dir='ltr'>consvetudine</span> <span class='ocrx_word' id='word_1_193' title='bbox 1064 2212 1293 2270; x_wconf 87' lang='lat' dir='ltr'>facilius</span> <span class='ocrx_word' id='word_1_194' title='bbox 1326 2212 1448 2270; x_wconf 84' lang='lat' dir='ltr'>fieri</span> <span class='ocrx_word' id='word_1_195' title='bbox 1493 2213 1746 2289; x_wconf 76' lang='lat' dir='ltr'>potuerit</span> <span class='ocrx_word' id='word_1_196' title='bbox 1779 2221 1838 2271; x_wconf 85' lang='lat' dir='ltr'>et</span> <span class='ocrx_word' id='word_1_197' title='bbox 1871 2214 1954 2271; x_wconf 79' lang='lat' dir='ltr'>iu—</span> 
     </span>
     <span class='ocr_line' id='line_1_28' title="bbox 264 2292 1954 2370; baseline 0.001 -21"><span class='ocrx_word' id='word_1_198' title='bbox 264 2294 446 2351; x_wconf 67' lang='lat' dir='ltr'>stius?</span> <span class='ocrx_word' id='word_1_199' title='bbox 512 2293 602 2350; x_wconf 89' lang='lat'>70.</span> <span class='ocrx_word' id='word_1_200' title='bbox 641 2292 790 2350; x_wconf 87' lang='lat' dir='ltr'>Sunt</span> <span class='ocrx_word' id='word_1_201' title='bbox 811 2299 1021 2362; x_wconf 85' lang='lat' dir='ltr'>autem,</span> <span class='ocrx_word' id='word_1_202' title='bbox 1044 2293 1143 2368; x_wconf 90' lang='lat' dir='ltr'>qui</span> <span class='ocrx_word' id='word_1_203' title='bbox 1166 2293 1377 2363; x_wconf 89' lang='lat' dir='ltr'>dicant,</span> <span class='ocrx_word' id='word_1_204' title='bbox 1401 2292 1609 2351; x_wconf 88' lang='lat' dir='ltr'>foedus</span> <span class='ocrx_word' id='word_1_205' title='bbox 1630 2313 1751 2351; x_wconf 88' lang='lat' dir='ltr'>esse</span> <span class='ocrx_word' id='word_1_206' title='bbox 1774 2294 1954 2370; x_wconf 90' lang='lat' dir='ltr'>quod·</span> 
     </span>
     <span class='ocr_line' id='line_1_29' title="bbox 264 2373 1955 2451; baseline 0 -20"><span class='ocrx_word' id='word_1_207' title='bbox 264 2374 397 2431; x_wconf 91' lang='lat' dir='ltr'>dam</span> <span class='ocrx_word' id='word_1_208' title='bbox 434 2373 797 2450; x_wconf 87' lang='lat' dir='ltr'>sapientium,</span> <span class='ocrx_word' id='word_1_209' title='bbox 818 2379 884 2429; x_wconf 93' lang='lat' dir='ltr'>ut</span> <span class='ocrx_word' id='word_1_210' title='bbox 919 2390 989 2429; x_wconf 90' lang='lat' dir='ltr'>ne</span> <span class='ocrx_word' id='word_1_211' title='bbox 1024 2373 1217 2429; x_wconf 89' lang='lat' dir='ltr'>minus</span> <span class='ocrx_word' id='word_1_212' title='bbox 1250 2373 1466 2430; x_wconf 89' lang='lat' dir='ltr'>amicos</span> <span class='ocrx_word' id='word_1_213' title='bbox 1496 2393 1665 2450; x_wconf 90' lang='lat' dir='ltr'>quam</span> <span class='ocrx_word' id='word_1_214' title='bbox 1702 2393 1761 2431; x_wconf 90' lang='lat' dir='ltr'>se</span> <span class='ocrx_word' id='word_1_215' title='bbox 1794 2374 1955 2451; x_wconf 87' lang='lat' dir='ltr'>ipsos</span> 
     </span>
     <span class='ocr_line' id='line_1_30' title="bbox 264 2451 1953 2545; baseline 0 -35"><span class='ocrx_word' id='word_1_216' title='bbox 264 2454 525 2530; x_wconf 82' lang='lat' dir='ltr'>diligant.</span> <span class='ocrx_word' id='word_1_217' title='bbox 599 2451 772 2521; x_wconf 89' lang='lat' dir='ltr'>Quod</span> <span class='ocrx_word' id='word_1_218' title='bbox 799 2459 857 2510; x_wconf 90' lang='lat' dir='ltr'>et</span> <span class='ocrx_word' id='word_1_219' title='bbox 885 2471 1054 2545; x_wconf 81' lang='lat' dir='ltr'>posse</span> <span class='ocrx_word' id='word_1_220' title='bbox 1081 2452 1202 2509; x_wconf 90' lang='lat' dir='ltr'>fieri</span> <span class='ocrx_word' id='word_1_221' title='bbox 1236 2452 1626 2525; x_wconf 70' lang='lat' dir='ltr'>intellegimus</span> <span class='ocrx_word' id='word_1_222' title='bbox 1653 2461 1711 2511; x_wconf 87' lang='lat' dir='ltr'>et</span> <span class='ocrx_word' id='word_1_223' title='bbox 1732 2472 1899 2529; x_wconf 86' lang='lat' dir='ltr'>saepe</span> <span class='ocrx_word' id='word_1_224' title='bbox 1922 2454 1953 2530; x_wconf 73' lang='lat'><em>†</em></span> 
     </span>
     <span class='ocr_line' id='line_1_31' title="bbox 264 2533 1953 2625; baseline 0 -34"><span class='ocrx_word' id='word_1_225' title='bbox 264 2535 418 2591; x_wconf 81' lang='lat' dir='ltr'>enim</span> <span class='ocrx_word' id='word_1_226' title='bbox 455 2533 731 2602; x_wconf 81' lang='lat' dir='ltr'>videmuS‚</span> <span class='ocrx_word' id='word_1_227' title='bbox 763 2540 822 2590; x_wconf 89' lang='lat' dir='ltr'>et</span> <span class='ocrx_word' id='word_1_228' title='bbox 834 2533 1219 2625; x_wconf 34' lang='lat' dir='ltr'>‘perspicuum</span> <span class='ocrx_word' id='word_1_229' title='bbox 1261 2540 1364 2604; x_wconf 89' lang='lat' dir='ltr'>est,</span> <span class='ocrx_word' id='word_1_230' title='bbox 1395 2533 1536 2590; x_wconf 87' lang='lat' dir='ltr'>nihil</span> <span class='ocrx_word' id='word_1_231' title='bbox 1585 2533 1659 2590; x_wconf 91' lang='lat' dir='ltr'>ad</span> <span class='ocrx_word' id='word_1_232' title='bbox 1702 2533 1953 2591; x_wconf 87' lang='lat' dir='ltr'>iucunde</span> 
     </span>
     <span class='ocr_line' id='line_1_32' title="bbox 264 2612 1955 2690; baseline 0.001 -20"><span class='ocrx_word' id='word_1_233' title='bbox 264 2614 570 2671; x_wconf 80' lang='lat' dir='ltr'>vivendum</span> <span class='ocrx_word' id='word_1_234' title='bbox 618 2613 850 2690; x_wconf 84' lang='lat' dir='ltr'>reperiri</span> <span class='ocrx_word' id='word_1_235' title='bbox 895 2631 1080 2689; x_wconf 88' lang='lat' dir='ltr'>posse,</span> <span class='ocrx_word' id='word_1_236' title='bbox 1113 2612 1292 2689; x_wconf 90' lang='lat' dir='ltr'>quod</span> <span class='ocrx_word' id='word_1_237' title='bbox 1304 2613 1708 2670; x_wconf 85' lang='lat' dir='ltr'>coniunctione</span> <span class='ocrx_word' id='word_1_238' title='bbox 1740 2612 1842 2671; x_wconf 90' lang='lat' dir='ltr'>tali</span> <span class='ocrx_word' id='word_1_239' title='bbox 1876 2614 1955 2671; x_wconf 87' lang='lat' dir='ltr'>sit</span> 
     </span>
     <span class='ocr_line' id='line_1_33' title="bbox 263 2692 1951 2771; baseline -0.001 -20"><span class='ocrx_word' id='word_1_240' title='bbox 263 2694 470 2771; x_wconf 78' lang='lat' dir='ltr'>aptius,</span> <span class='ocrx_word' id='word_1_241' title='bbox 556 2692 778 2762; x_wconf 85' lang='lat' dir='ltr'>Quibus</span> <span class='ocrx_word' id='word_1_242' title='bbox 834 2712 903 2750; x_wconf 86' lang='lat' dir='ltr'>ex</span> <span class='ocrx_word' id='word_1_243' title='bbox 959 2693 1228 2750; x_wconf 85' lang='lat' dir='ltr'>omnibus</span> <span class='ocrx_word' id='word_1_244' title='bbox 1284 2692 1523 2750; x_wconf 87' lang='lat' dir='ltr'>iudicari</span> <span class='ocrx_word' id='word_1_245' title='bbox 1577 2700 1789 2769; x_wconf 88' lang='lat' dir='ltr'>potest,</span> <span class='ocrx_word' id='word_1_246' title='bbox 1832 2712 1951 2750; x_wconf 90' lang='lat' dir='ltr'>non</span> 
     </span>
     <span class='ocr_line' id='line_1_34' title="bbox 266 2771 1950 2849; baseline 0 -20"><span class='ocrx_word' id='word_1_247' title='bbox 266 2774 439 2831; x_wconf 86' lang='lat' dir='ltr'>modo</span> <span class='ocrx_word' id='word_1_248' title='bbox 473 2792 591 2831; x_wconf 88' lang='lat' dir='ltr'>non</span> <span class='ocrx_word' id='word_1_249' title='bbox 624 2772 893 2849; x_wconf 88' lang='lat' dir='ltr'>impediri</span> <span class='ocrx_word' id='word_1_250' title='bbox 934 2773 1216 2830; x_wconf 86' lang='lat' dir='ltr'>rationem</span> <span class='ocrx_word' id='word_1_251' title='bbox 1251 2771 1552 2845; x_wconf 87' lang='lat' dir='ltr'>amicitiae,</span> <span class='ocrx_word' id='word_1_252' title='bbox 1578 2773 1626 2830; x_wconf 86' lang='lat' dir='ltr'>si</span> <span class='ocrx_word' id='word_1_253' title='bbox 1660 2792 1950 2830; x_wconf 87' lang='lat' dir='ltr'>summum</span> 
     </span>
     <span class='ocr_line' id='line_1_35' title="bbox 264 2852 1954 2945; baseline -0.001 -34"><span class='ocrx_word' id='word_1_254' title='bbox 264 2854 478 2911; x_wconf 90' lang='lat' dir='ltr'>bonum</span> <span class='ocrx_word' id='word_1_255' title='bbox 509 2854 571 2910; x_wconf 93' lang='lat' dir='ltr'>in</span> <span class='ocrx_word' id='word_1_256' title='bbox 600 2853 904 2945; x_wconf 45' lang='lat' dir='ltr'>voluptate·</span> <span class='ocrx_word' id='word_1_257' title='bbox 926 2860 1191 2930; x_wconf 87' lang='lat' dir='ltr'>ponatur,</span> <span class='ocrx_word' id='word_1_258' title='bbox 1216 2852 1315 2910; x_wconf 89' lang='lat' dir='ltr'>sed</span> <span class='ocrx_word' id='word_1_259' title='bbox 1345 2852 1466 2910; x_wconf 91' lang='lat' dir='ltr'>sine</span> <span class='ocrx_word' id='word_1_260' title='bbox 1496 2852 1606 2911; x_wconf 87' lang='lat' dir='ltr'>hoc</span> <span class='ocrx_word' id='word_1_261' title='bbox 1638 2853 1954 2911; x_wconf 88' lang='lat' dir='ltr'>institutio-</span> 
     </span>
     <span class='ocr_line' id='line_1_36' title="bbox 262 2932 1600 3024; baseline -0.002 -32"><span class='ocrx_word' id='word_1_262' title='bbox 262 2953 395 2992; x_wconf 88' lang='lat' dir='ltr'>nem</span> <span class='ocrx_word' id='word_1_263' title='bbox 425 2933 663 2991; x_wconf 91' lang='lat' dir='ltr'>omnino</span> <span class='ocrx_word' id='word_1_264' title='bbox 691 2933 976 2990; x_wconf 87' lang='lat' dir='ltr'>amicitiae</span> <span class='ocrx_word' id='word_1_265' title='bbox 1004 2952 1120 2989; x_wconf 89' lang='lat' dir='ltr'>non</span> <span class='ocrx_word' id='word_1_266' title='bbox 1153 2952 1320 3024; x_wconf 86' lang='lat' dir='ltr'>posse</span> <span class='ocrx_word' id='word_1_267' title='bbox 1348 2932 1600 3010; x_wconf 85' lang='lat' dir='ltr'>reperiri.</span> 
     </span>
    </p>

    <p class='ocr_par' dir='ltr' id='par_1_3' title="bbox 266 3012 1952 3169">
     <span class='ocr_line' id='line_1_37' title="bbox 344 3012 1952 3090; baseline -0.001 -20"><span class='ocrx_word' id='word_1_268' title='bbox 344 3014 510 3072; x_wconf 89' lang='lat' dir='ltr'>XXI.</span> <span class='ocrx_word' id='word_1_269' title='bbox 598 3013 689 3072; x_wconf 81' lang='lat'>71.</span> <span class='ocrx_word' id='word_1_270' title='bbox 736 3012 1100 3090; x_wconf 82' lang='lat' dir='ltr'>Quapropter</span> <span class='ocrx_word' id='word_1_271' title='bbox 1133 3014 1179 3069; x_wconf 85' lang='lat' dir='ltr'>si</span> <span class='ocrx_word' id='word_1_272' title='bbox 1215 3032 1298 3082; x_wconf 89' lang='lat' dir='ltr'>ea,</span> <span class='ocrx_word' id='word_1_273' title='bbox 1324 3032 1471 3089; x_wconf 88' lang='lat' dir='ltr'>quae</span> <span class='ocrx_word' id='word_1_274' title='bbox 1506 3012 1643 3082; x_wconf 89' lang='lat' dir='ltr'>dixi,</span> <span class='ocrx_word' id='word_1_275' title='bbox 1668 3012 1837 3071; x_wconf 85' lang='lat' dir='ltr'>sole</span> <span class='ocrx_word' id='word_1_276' title='bbox 1822 3032 1952 3089; x_wconf 79' lang='lat' dir='ltr'>ipso</span> 
     </span>
     <span class='ocr_line' id='line_1_38' title="bbox 266 3086 1952 3169; baseline -0.001 -18"><span class='ocrx_word' id='word_1_277' title='bbox 266 3093 570 3151; x_wconf 81' lang='lat' dir='ltr'>illustriora</span> <span class='ocrx_word' id='word_1_278' title='bbox 611 3100 669 3150; x_wconf 89' lang='lat' dir='ltr'>et</span> <span class='ocrx_word' id='word_1_279' title='bbox 703 3092 941 3150; x_wconf 87' lang='lat' dir='ltr'>clariora</span> <span class='ocrx_word' id='word_1_280' title='bbox 973 3101 1124 3164; x_wconf 85' lang='lat' dir='ltr'>sunt,</span> <span class='ocrx_word' id='word_1_281' title='bbox 1157 3092 1204 3149; x_wconf 89' lang='lat' dir='ltr'>si</span> <span class='ocrx_word' id='word_1_282' title='bbox 1240 3093 1436 3149; x_wconf 88' lang='lat' dir='ltr'>omnia</span> <span class='ocrx_word' id='word_1_283' title='bbox 1471 3086 1643 3169; x_wconf 88' lang='lat' dir='ltr'>[dixi]</span> <span class='ocrx_word' id='word_1_284' title='bbox 1680 3092 1885 3150; x_wconf 84' lang='lat' dir='ltr'>hausta</span> <span class='ocrx_word' id='word_1_285' title='bbox 1918 3112 1952 3150; x_wconf 87' lang='lat' dir='ltr'>e</span> 
     </span>
    </p>
   </div>
   <div class='ocr_carea' id='block_1_3' title="bbox 2238 84 2243 584">
    <p class='ocr_par' dir='ltr' id='par_1_4' title="bbox 2238 84 2243 584">
     <span class='ocr_line' id='line_1_39' title="bbox 2238 84 2243 584; baseline 0 0"><span class='ocrx_word' id='word_1_286' title='bbox 2238 84 2243 584; x_wconf 95' lang='lat' dir='ltr'> </span> 
     </span>
    </p>
   </div>
   <div class='ocr_carea' id='block_1_4' title="bbox 263 3171 2040 3247">
    <p class='ocr_par' dir='ltr' id='par_1_5' title="bbox 263 3171 2040 3247">
     <span class='ocr_line' id='line_1_40' title="bbox 263 3171 2040 3247; baseline -0.001 -16"><span class='ocrx_word' id='word_1_287' title='bbox 263 3175 428 3232; x_wconf 83' lang='lat' dir='ltr'>fonte</span> <span class='ocrx_word' id='word_1_288' title='bbox 458 3182 707 3246; x_wconf 87' lang='lat' dir='ltr'>naturae,</span> <span class='ocrx_word' id='word_1_289' title='bbox 732 3174 779 3231; x_wconf 92' lang='lat' dir='ltr'>si</span> <span class='ocrx_word' id='word_1_290' title='bbox 809 3181 934 3231; x_wconf 85' lang='lat' dir='ltr'>tota</span> <span class='ocrx_word' id='word_1_291' title='bbox 958 3173 1143 3230; x_wconf 87' lang='lat' dir='ltr'>oratio</span> <span class='ocrx_word' id='word_1_292' title='bbox 1165 3178 1362 3229; x_wconf 89' lang='lat' dir='ltr'>nostra</span> <span class='ocrx_word' id='word_1_293' title='bbox 1383 3191 1615 3232; x_wconf 87' lang='lat' dir='ltr'>onmem</span> <span class='ocrx_word' id='word_1_294' title='bbox 1645 3171 1755 3229; x_wconf 89' lang='lat' dir='ltr'>sibi</span> <span class='ocrx_word' id='word_1_295' title='bbox 1776 3171 1952 3230; x_wconf 85' lang='lat' dir='ltr'>fidem</span> <span class='ocrx_word' id='word_1_296' title='bbox 2031 3240 2040 3247; x_wconf 30' lang='lat'><em>⁶</em></span> 
     </span>
    </p>
   </div>
  </div>
 </body>
</html>
