2259 3467
821 117 959 166 Lm.
989 119 1056 179 1.,
1086 118 1243 168 cAP.
1275 118 1457 168 1.-111.
1901 77 1908 83 ’
1958 122 1991 170 5

297 220 389 278 sit.
473 220 700 278 Rudem
731 223 883 279 enim
915 242 1038 281 esse
1067 223 1307 280 omnino
1337 223 1397 281 in
1428 224 1639 282 nostris
1670 223 1862 301 poetis
1890 233 1990 284 aut

300 302 679 358 inertissimae
721 304 998 378 segnitiae
1039 312 1127 360 est
1169 311 1268 360 aut
1310 304 1534 361 fastidii
1576 304 1985 364 delicatissimi.

301 380 447 437 Mihi
477 380 709 457 quidem
745 382 886 438 nulli
921 382 1059 440 satis
1092 383 1304 440 eruditi
1340 384 1621 455 videntur,
1649 384 1857 462 quibus
1890 404 1990 443 no-

300 466 417 518 stra
444 460 649 536 ignota
662 468 822 519 sunt.
906 461 1005 518 An

807 577 1017 627 Utinam
1041 592 1104 627 ne
1127 577 1178 626 in
1203 591 1472 627 nemore—

295 695 478 754 nihilo
509 696 700 753 minus
727 694 975 773 legimus
1000 715 1171 772 quarn
1203 694 1315 753 hoc
1344 694 1497 752 idem
1522 694 1823 767 Graecum,
1846 715 1991 773 quae

294 783 487 835 autem
518 776 588 834 de
611 776 757 834 bene
777 776 1056 854 beateque
1086 775 1333 832 vivendo
1363 795 1397 832 a
1424 775 1668 833 Platone
1698 776 1993 853 disputata

294 864 444 928 sunt,
469 856 609 914 haec
643 856 915 934 explicari
949 876 1064 914 non
1101 856 1354 933 placebit
1387 855 1631 914 Latine?
1716 861 1768 914 6.
1815 855 1988 929 Quid,

294 938 342 994 si
370 956 477 994 nos
498 956 615 994 non
636 937 1016 1014 interpretum
1040 936 1345 1012 fungimur
1366 955 1618 1006 munere,
1639 936 1739 994 sed
1763 944 1993 994 tuemur

293 1036 376 1089 ea,
409 1036 555 1095 quae
602 1017 758 1075 dicta
811 1024 946 1075 sunt
994 1015 1066 1075 ab
1117 1017 1204 1087 iis,
1241 1035 1385 1094 quos
1432 1016 1765 1094 probamus,
1796 1017 1991 1095 eisque

295 1106 556 1155 nostrum
592 1097 867 1155 iudicium
900 1104 959 1155 et
988 1105 1249 1154 nostrum
1283 1096 1569 1154 scribendi
1604 1097 1863 1154 ordinem
1897 1097 1993 1154 ad-

293 1178 628 1255 iungimus?
671 1178 811 1256 quid
843 1177 1076 1249 habent,
1108 1196 1209 1235 cur
1247 1176 1465 1235 Graeca
1506 1184 1862 1254 anteponant
1900 1177 1989 1250 iis,

294 1277 438 1336 quae
473 1265 530 1315 et
565 1258 864 1336 splendide
899 1258 1055 1316 dicta
1088 1258 1206 1315 sint
1241 1277 1424 1335 neque
1462 1258 1578 1314 sint
1612 1276 1884 1315 conversa
1919 1258 1991 1315 de

291 1338 561 1397 Graecis?
615 1339 766 1397 Nam
792 1338 839 1396 si
862 1339 1074 1410 dicent,
1091 1337 1163 1395 ab
1188 1338 1298 1395 illis
1320 1338 1422 1395 has
1444 1356 1532 1395 rcs
1560 1356 1681 1395 esse
1703 1344 1989 1410 tractataS,

291 1438 365 1477 ne
397 1420 556 1496 ipsos
585 1419 820 1497 quidem
848 1418 1098 1477 Graecos
1131 1424 1219 1476 est
1248 1438 1349 1476 cur
1376 1426 1494 1477 tam
1534 1418 1750 1476 multos
1779 1418 1988 1494 legant,

293 1519 462 1577 quam
515 1499 744 1575 legendi
793 1506 942 1558 sunt.
1029 1498 1184 1567 Quid
1235 1499 1389 1556 enim
1439 1505 1525 1556 est
1578 1518 1612 1555 a
1661 1498 1991 1577 Chrysippo

291 1581 757 1658 praetermissum
797 1581 853 1637 in
896 1579 1150 1637 Stoicis?
1231 1578 1503 1654 Legimus
1543 1585 1737 1636 tamen
1778 1578 1992 1655 Dioge·

291 1679 444 1729 nem,
480 1659 876 1735 Antipatrum,
913 1658 1335 1729 Mnesarchum,
1372 1658 1732 1727 Panaetium,
1777 1658 1992 1716 mult-os

293 1738 454 1809 alios,
477 1738 539 1795 in
566 1739 883 1815 primisque
914 1737 1259 1795 familiarem
1293 1744 1555 1795 nostrum
1587 1737 1987 1796 Posidonium.

295 1817 493 1887 Quid?
573 1817 1007 1894 Theophrastus
1062 1817 1499 1887 mediocriterne
1555 1817 1818 1890 delectat,
1858 1837 1989 1875 cum

298 1905 507 1956 tractat
559 1898 717 1955 locos
765 1897 837 1954 ab
885 1897 1201 1955 Aristotele
1254 1904 1387 1955 ante
1441 1898 1755 1956 tractatos?
1810 1898 1991 1975 quid?

295 1978 565 2056 Epicurei
607 1997 747 2036 num
782 1978 1068 2036 desistunt
1101 1977 1174 2035 de
1207 1977 1431 2048 iisdem,
1463 1977 1534 2036 de
1571 1978 1780 2056 quibus
1825 1987 1883 2037 et
1916 1979 1988 2037 ab

290 2058 542 2136 Epicuro
592 2058 869 2136 scriptum
914 2065 1002 2116 est
1044 2066 1103 2116 et
1145 2057 1217 2115 ab
1259 2059 1529 2136 antiquie,
1567 2059 1641 2117 ad
1686 2059 1984 2117 arbitrium

291 2158 459 2197 suum
494 2138 778 2197 scribere?
860 2138 1030 2208 Quod
1060 2139 1106 2195 si
1142 2137 1344 2196 Graeci
1373 2138 1643 2216 leguntur
1674 2159 1708 2197 a
1734 2137 1984 2213 Graecis,

288 2218 496 2276 iisdem
539 2220 612 2277 de
660 2219 828 2277 rebus
876 2219 988 2277 alia
1033 2219 1256 2277 ratione
1306 2220 1659 2297 compositis»,
1697 2220 1837 2299 quid
1880 2229 1984 2293 est,

290 2319 393 2357 cur
418 2300 601 2357 nostri
629 2319 664 2357 a
691 2300 901 2357 nostris
930 2319 1046 2356 non
1078 2299 1380 2376 legantur?

370 2378 478 2437 ΙΙΙ.
565 2379 617 2438 7.
663 2379 1045 2457 Quamquam,
1077 2381 1124 2438 si
1160 2379 1330 2457 plane
1364 2381 1444 2437 sic
1480 2388 1755 2439 verterem
1794 2380 1987 2438 Plato-

288 2478 423 2517 nem
478 2466 579 2517 aut
627 2459 1018 2532 Aristotelem,
1070 2468 1137 2517 ut
1191 2467 1482 2519 verterunt
1536 2462 1719 2519 nostri
1775 2468 1986 2538 poetae

288 2539 531 2610 fabulas,
562 2540 727 2612 male,
759 2541 946 2611 cred0,
978 2559 1224 2598 mererer
1261 2540 1333 2598 de
1372 2541 1517 2600 meis
1554 2541 1793 2611 civibuS,
1825 2542 1871 2598 si
1911 2541 1986 2599 ad

290 2638 489 2677 eorum
527 2621 919 2698 cognitionem
956 2621 1154 2679 divina
1189 2620 1289 2678 illa
1326 2621 1557 2698 ingenia
1594 2622 1981 2679 transferrem.

291 2698 407 2757 Sed
434 2700 494 2758 id
525 2719 710 2779 neque
735 2702 850 2759 feci
878 2701 1067 2759 adhuc
1101 2720 1207 2759 nec
1236 2700 1380 2759 mihi
1414 2711 1625 2773 tamen,
1650 2721 1722 2759 ne
1751 2701 1983 2772 faciam,

239 2786 247 2792 ”
289 2780 662 2839 interdictum
698 2788 856 2858 put0.
944 2781 1130 2839 Locos
1160 2780 1391 2859 quidem
1426 2781 1723 2859 quosdam,
1750 2781 1797 2837 si
1832 2782 1984 2840 vide-

291 2859 464 2931 bitur,
495 2861 853 2933 transferam,
884 2870 943 2920 et
977 2862 1224 2919 maxime
1267 2860 1340 2918 ab
1375 2861 1461 2931 iis,
1494 2881 1639 2938 quos
1675 2860 1851 2918 modo
1884 2880 1985 2918 no-

289 2940 521 3012 minavi,
553 2960 683 2999 cum
721 2941 1003 3013 inciderit,
1035 2949 1101 2999 ut
1135 2941 1196 2999 id
1239 2947 1372 3018 apte
1414 2940 1538 2999 fieri
1578 2940 1779 3018 possit,
1813 2948 1879 2998 ut
1911 2940 1985 2998 ab

289 3019 552 3079 Homero
590 3021 828 3091 Ennius,
860 3021 1138 3078 Afranius
1179 3040 1215 3079 a
1254 3021 1570 3078 Menandro
1614 3019 1775 3079 solet.
1861 3020 1984 3078 Nec

289 3119 442 3171 vcro,
468 3107 533 3158 ut
565 3110 760 3159 noster
788 3101 1057 3172 Lucilius,
1089 3099 1381 3170 recusabO,
1408 3120 1522 3178 quo
1558 3101 1749 3157 minus
1784 3119 1986 3158 omnes

290 3196 422 3238 mea
440 3180 655 3259 legant.
717 3181 962 3241 Utinam
991 3186 1142 3240 esset
1170 3180 1264 3237 ille
1293 3179 1557 3239 Persius!
1622 3179 1819 3257 Scipio
1848 3197 1981 3237 vero
