2259 3467
265 126 332 173 40
437 124 536 173 DE
571 124 860 174 FINIBUS
894 124 1247 175 BONORUM
1281 123 1374 173 ΕΤ
1406 123 1787 175 MALORUM.

265 224 549 302 loquatur,
585 243 691 282 nec
733 224 1083 302 Aristippus,
1120 224 1222 302 qui
1262 224 1620 302 voluptatem
1662 245 1959 285 summum

264 304 484 362 bonum
527 305 685 376 dicit,
718 305 776 361 in
819 305 1114 382 voluptate
1156 304 1325 381 ponit
1364 324 1481 362 uon
1524 305 1733 377 dolere,
1770 325 1961 384 neque

269 385 676 460 HieronymuS,
715 385 816 461 qui
857 404 1148 443 summum
1191 384 1408 442 bonum
1452 386 1656 442 statuit
1698 406 1812 443 non
1858 387 1962 443 do-

266 465 395 534 lere,
422 465 734 557 voluptatis
764 465 997 523 nomine
1025 483 1301 541 umquam
1327 465 1510 522 utitur
1536 484 1641 542 pro
1673 465 1767 523 illa
1795 466 1963 523 indo·

266 510 456 615 lentia,
489 547 705 623 quippe
747 544 847 623 qui
894 565 967 603 ne
1014 545 1075 603 in
1125 545 1463 622 expetendis
1502 545 1739 622 quidem
1787 545 1961 603 rebus

266 634 527 683 numeret
557 626 926 702 voluptatem.

348 705 483 764 VII.
555 712 649 763 20.
687 706 852 763 Duae
881 713 1017 763 sunt
1037 700 1189 764 enim
1222 725 1311 763 res
1333 723 1579 783 quoque,
1603 724 1675 762 ne
1697 711 1761 762 tu
1784 705 1962 764 verba

266 785 450 843 solum
494 795 677 864 putes.
762 785 964 844 Unum
1007 793 1094 844 est
1136 786 1259 843 sine
1301 785 1499 843 dolore
1540 804 1677 856 esse,
1713 785 1957 843 alterum

266 885 398 924 cum
441 865 771 944 voluptate3
823 886 924 923 vos
965 885 1033 923 ex
1075 866 1169 922 his
1205 873 1325 923 tam
1369 864 1745 923 dissimilibus
1786 866 1960 924 rebus

266 965 379 1003 non
424 947 602 1004 modo
645 966 854 1003 nomen
901 966 1074 1003 unum
1115 941 1273 1019 (nam
1319 945 1380 1002 id
1413 944 1641 1002 facilius
1683 944 1955 1022 paterer),

266 1026 366 1083 sed
408 1027 579 1084 etiam
625 1046 743 1083 rem
787 1046 959 1084 unam
1003 1046 1074 1084 ex
1122 1026 1346 1084 duabus
1387 1025 1575 1082 facere
1624 1027 1955 1083 conamini·
1942 1071 1955 1098 ,

267 1106 425 1184 quod
465 1105 587 1163 fieri
628 1106 786 1164 nullo
828 1106 1004 1164 modo
1047 1113 1257 1184 potest.
1342 1105 1476 1176 Hic,
1509 1105 1608 1183 qni
1650 1113 1958 1183 utrumque

265 1186 488 1263 probat,
526 1185 807 1244 ambobus
856 1186 1057 1244 debuit
1112 1188 1216 1257 uti,
1254 1186 1403 1244 sicut
1455 1186 1599 1243 facit
1653 1205 1714 1243 re
1770 1205 1957 1263 neque

265 1274 459 1323 tamen
489 1266 698 1324 dividit
726 1266 928 1324 verbis,
1013 1266 1163 1324 Cum
1194 1267 1346 1324 enim
1383 1285 1509 1323 eam
1543 1265 1728 1342 ipsam
1758 1265 1958 1343 volup-

266 1353 463 1417 tatem,
490 1366 660 1424 quam
695 1346 900 1404 eodem
934 1347 1169 1404 nomine
1204 1361 1404 1404 omnes
1435 1346 1807 1437 appellamus,
1840 1344 1957 1402 lau-

266 1426 367 1484 dat
399 1426 540 1483 locis
573 1425 851 1502 plurimiS,
876 1426 1049 1484 audet
1077 1427 1283 1496 dicere,
1309 1445 1380 1484 ne
1414 1426 1688 1502 suspicari
1718 1426 1951 1503 quidem

266 1526 326 1563 se
354 1505 530 1564 ullum
562 1506 779 1564 bonum
809 1506 1127 1564 seiunctum
1159 1506 1231 1565 ab
1260 1470 1359 1564 illo
1382 1505 1718 1597 Aristippeo
1739 1525 1956 1598 genere

265 1586 609 1664 voluptatis;
653 1595 825 1666 atque
867 1586 951 1644 ibi
992 1586 1101 1645 hoc
1141 1587 1299 1657 dicit,
1331 1585 1428 1643 ubi
1473 1586 1661 1643 omnis
1703 1587 1825 1643 eius
1866 1593 1955 1644 est

266 1668 449 1725 oratio
484 1668 556 1726 de
589 1687 814 1725 summo
847 1667 1019 1726 bono.
1106 1666 1174 1724 In
1210 1666 1323 1724 alio
1358 1685 1491 1724 vero
1524 1665 1688 1734 libro,
1720 1667 1777 1723 in
1815 1686 1950 1744 que,

265 1736 510 1806 Breviter
559 1748 987 1826 comprehensis
1032 1747 1392 1840 ‘gravissimis
1440 1747 1756 1818 sententiis,
1788 1746 1955 1824 quasi

263 1828 491 1886 oracula
523 1829 769 1886 edidisse
803 1828 1116 1905 sapientiae
1145 1828 1371 1898 dicitur,
1396 1826 1594 1884 scribit
1622 1825 1712 1883 his
1744 1825 1949 1897 verbis,

264 1927 407 1985 quae
450 1915 587 1965 nota
625 1908 732 1966 tibi
772 1908 1054 1985 profecte,
1086 1906 1392 1985 Torquate,
1424 1914 1560 1964 sunt
1598 1901 1753 1983 (quis
1794 1907 1951 1964 enim

264 1996 513 2045 vestrum
564 2007 678 2044 non
723 1987 960 2045 edidicit
1002 1988 1239 2065 Epicuri
1287 1992 1472 2064 κυρίας
1520 1985 1696 2057 δόξας,
1732 1986 1793 2043 id
1843 1996 1948 2056 est,
1977 2035 1984 2039 .

264 2067 425 2143 quasi
467 2069 714 2125 maxime
755 2075 922 2139 rataS,
956 2069 1089 2145 quia
1120 2068 1487 2145 gravissimae
1530 2068 1645 2124 sint
1677 2066 1751 2124 ad
1784 2066 1951 2124 beate

264 2147 569 2205 vivendum
614 2148 859 2205 breviter
906 2150 1235 2206 enuntiatae
1277 2148 1591 2206 sententiae
1609 2145 1653 2224 2)
1696 2147 1952 2204 animad-

263 2236 416 2285 verte
469 2227 663 2302 igitur,
701 2235 924 2286 rectene
976 2228 1123 2286 hanc
1179 2229 1523 2286 sententiam
1571 2227 1948 2304 interpreter:

264 2314 356 2365 21.
395 2307 431 2335 “
454 2306 516 2365 Si
549 2327 631 2379 ea,
664 2327 808 2386 quae
846 2315 981 2366 sunt
1013 2308 1318 2366 luxuriosis
1358 2308 1660 2366 efficientia
1695 2307 1951 2383 volupta-

262 2395 404 2459 tum,
428 2387 733 2446 liberarent
760 2407 858 2446 eos
879 2388 1115 2446 deorum
1147 2395 1208 2446 et
1235 2391 1438 2446 mortis
1466 2395 1525 2446 et
1545 2388 1759 2446 doloris
1788 2394 1950 2444 metu

262 2468 661 2546 docerentque,
695 2469 793 2545 qui
831 2476 1019 2526 essent
1051 2469 1195 2527 fines
1236 2469 1639 2547 cupiditatum,
1671 2467 1813 2524 nihil
1853 2466 1950 2524 ha-

262 2547 540 2620 beremuS,
572 2550 724 2623 quod
760 2549 1296 2623 reprehenderemus,
1329 2568 1458 2606 cum
1502 2548 1754 2625 undique
1795 2566 1949 2604 com-

261 2628 553 2705 plerentur
572 2628 964 2707 voluptatibus
990 2648 1095 2688 nec
1125 2627 1400 2686 haberent
1425 2628 1537 2685 ulla
1565 2648 1633 2685 ex
1662 2634 1823 2705 parte
1851 2627 1950 2683 ali-

263 2709 403 2786 quid
436 2717 536 2767 aut
569 2709 769 2767 dolens
809 2717 910 2767 aut
943 2729 1195 2786 aegrum,
1225 2709 1288 2766 id
1321 2716 1408 2767 est
1441 2716 1632 2766 autem
1673 2706 1946 2765 malum.‘’

262 2788 395 2846 Hoc
431 2788 558 2847 loco
595 2796 788 2848 tenere
831 2809 891 2847 se
927 2790 1181 2847 Triarius
1221 2808 1337 2846 non
1380 2790 1589 2866 potuit
1675 2787 1945 2858 Obsecro,

262 2867 468 2945 inquit,
492 2868 798 2947 Torquate,
828 2868 969 2927 haec
1007 2869 1150 2926 dicit
1187 2869 1510 2945 Epicurus?
1591 2867 1762 2937 Quod
1799 2832 1949 2930 mihi

265 2947 495 3023 quidem
535 2949 689 3005 visus
730 2956 833 3019 est,
865 2967 997 3006 cum
1038 2949 1224 3017 sciret,
1255 2948 1398 3006 velle
1440 2955 1631 3005 tamen
1675 2946 1948 3004 confiten-

263 3033 379 3083 tem
412 3027 607 3084 audire
634 3027 1006 3104 Torquatum.
1084 3027 1170 3085 At
1196 3027 1291 3085 ille
1318 3046 1435 3084 non
1465 3027 1766 3104 pertimuit
1793 3046 1951 3084 sane-

266 3123 376 3182 que
410 3105 687 3163 fidenter:
732 3106 866 3164 Istis
900 3107 1183 3184 quidem
1167 3107 1309 3183 ipsis
1341 3107 1544 3178 verbis,
1575 3107 1801 3184 inquit‘
1788 3150 1802 3177 ,
1846 3107 1951 3164 sed

267 3185 406 3261 quid
434 3185 659 3257 sentiat,
684 3205 799 3242 non
829 3187 1051 3244 videtis,
1117 3186 1180 3243 Si
1209 3185 1318 3243 alia
1347 3187 1537 3258 sentit,
1561 3190 1814 3264 inquam,
1838 3185 1950 3243 alia
