2259 3467
270 130 368 177 150
442 127 542 177 DE
574 128 866 178 FINIBUS
896 126 1254 178 BONORUM
1285 128 1379 178 ET
1411 121 1792 179 MALORUM.

266 248 509 307 semper,
530 228 680 288 sicut
699 228 1002 301 ArcesilaS,
1020 228 1255 301 diceret,
1278 236 1339 287 et
1364 235 1559 288 tamen
1588 237 1657 289 ut
1683 230 1742 288 in
1773 250 1869 289 om
1878 232 1963 291 ni-

265 308 376 368 bus
402 309 588 381 rebuS‚
613 309 897 388 quidquid
925 328 995 367 ex
1025 316 1266 387 utraque
1296 317 1458 387 parte
1486 310 1602 368 dici
1631 318 1843 388 posset,
1864 332 1961 369 ex-

265 396 571 468 promeret.
661 395 751 449 11.
797 389 945 447 Cum
976 396 1167 447 autem
1199 390 1370 447 tertia
1391 409 1522 467 pars
1548 390 1695 448 bene
1723 391 1959 450 vivendi

266 478 572 548 praecepta
613 476 922 547 quaereret,
953 488 1022 527 ea
1062 488 1293 548 quoque
1340 477 1429 527 est
1476 469 1550 527 ab
1587 470 1794 529 iisdem
1833 490 1956 530 non

266 549 449 607 solum
487 549 561 607 ad
593 549 849 627 privatae
881 549 1034 608 vitae
1074 550 1376 621 rationem,
1408 549 1506 607 scd
1550 551 1721 608 etiam
1757 551 1831 609 ad
1873 571 1960 611 re-

265 645 392 687 rum
447 628 805 707 publicarum
862 630 1178 687 rectionem
1233 629 1424 687 relata.
1510 629 1785 688 Omnium
1831 632 1956 690 fere

264 709 562 767 civitatum
585 728 701 767 non
724 708 996 767 Graeciae
1016 709 1221 781 solum,
1242 709 1341 767 sed
1364 709 1538 768 etiam
1560 709 1852 769 barbariae
1880 712 1957 770 ab

264 789 579 848 Aristotele
599 807 806 860 mores,
825 789 1111 861 instituta,
1133 789 1482 866 disciplinas,
1499 809 1534 847 a
1552 788 1955 868 Theophrasto

263 869 420 946 leges
464 870 636 928 etiam
682 869 1076 946 cognovimus
1160 869 1428 948 Cumque
1469 876 1709 947 uterque
1750 873 1954 929 eorum

265 948 571 1021 docuisset,
592 949 815 1027 qualem
845 949 906 1007 in
927 968 990 1007 re
1016 948 1247 1027 publica
1272 949 1591 1027 principem
1620 969 1731 1007 esse
1752 969 1958 1009 conve·

264 1030 430 1101 niret,
454 1029 715 1108 pluribus
741 1037 1034 1107 praeterea
1064 1030 1511 1106 conscripsisset,
1535 1030 1637 1106 qui
1670 1037 1819 1088 esset
1851 1050 1958 1109 op·

264 1109 444 1167 timus
470 1110 552 1167 rei
580 1109 842 1186 publicae
870 1116 1069 1181 statue,
1092 1108 1205 1167 hoc
1234 1109 1482 1186 amplius
1500 1108 1953 1187 TheophrastuS,

265 1208 411 1267 quae
439 1196 629 1248 essent
655 1190 717 1247 in
745 1209 805 1247 re
833 1188 1066 1267 publica
1090 1209 1278 1247 rerum
1314 1189 1715 1248 inclinationes
1742 1197 1803 1248 et
1830 1210 1957 1248 mo·

263 1277 461 1328 menta
487 1277 831 1347 temporum,
858 1269 1067 1348 quibus
1094 1276 1245 1327 esset
1271 1269 1705 1341 moderandum,
1728 1276 1957 1328 utcum-

265 1368 375 1427 que
398 1370 485 1407 res
506 1349 837 1427 postularet.
894 1347 1069 1409 Vitae
1096 1357 1290 1407 autem
1313 1349 1606 1426 degendae
1628 1350 1775 1408 ratio
1797 1370 1957 1408 max-

263 1430 379 1489 ime
407 1430 521 1488 illis
549 1430 779 1508 quidem
810 1429 1029 1508 placuit
1057 1430 1267 1508 quieta,
1288 1429 1345 1486 in
1377 1429 1865 1507 contemplatione
1893 1438 1957 1489 et

263 1511 597 1589 cognitione
624 1510 815 1588 posita
833 1529 1039 1581 rerum,
1061 1529 1205 1586 quae
1235 1509 1370 1587 quia
1390 1509 1626 1567 deorum
1651 1510 1802 1568 vitae
1830 1513 1956 1569 erat

264 1591 572 1662 simillima,
602 1590 860 1669 sapiente
901 1590 1035 1647 visa
1060 1597 1150 1648 est
1182 1589 1534 1667 dignissima.
1619 1591 1818 1667 Atque
1860 1590 1955 1649 his

262 1670 336 1729 de
363 1671 534 1730 rebus
553 1678 614 1729 et
642 1670 942 1748 splendida
970 1677 1058 1728 est
1084 1688 1282 1728 eorum
1313 1676 1373 1727 et
1399 1668 1636 1727 illustris
1663 1670 1866 1729 oratic.

341 1749 416 1811 V.
496 1756 589 1809 12.
632 1750 725 1809 De
759 1768 988 1808 summo
1015 1755 1207 1807 autem
1239 1749 1393 1807 bono
1423 1750 1559 1827 quia
1591 1750 1708 1807 duo
1740 1769 1955 1827 genera

261 1830 539 1889 librorum
596 1836 748 1903 sunt,
791 1849 971 1888 unum
1028 1829 1385 1907 populariter
1443 1829 1738 1906 scriptum,
1790 1831 1955 1907 quod

260 1910 569 1988 ἐξωτερικόν
627 1909 1009 1989 appellabant,
1054 1909 1296 1968 alterum
1353 1909 1624 1979 limatiuS,
1669 1910 1828 1987 quod
1886 1911 1949 1968 in

262 1992 689 2050 commentariis
730 1991 1098 2069 reliquerunt,
1128 2009 1248 2048 non
1292 2008 1518 2067 semper
1562 1989 1715 2047 idem
1760 1988 1951 2048 dicere

261 2071 561 2143 videntum
605 2091 710 2130 nec
743 2072 802 2129 in
833 2090 1059 2129 summa
1086 2077 1279 2127 tamen
1311 2070 1437 2148 ipsa
1462 2076 1564 2127 aut
1592 2069 1834 2127 varietas
1861 2077 1952 2127 est

261 2150 393 2222 ulla,
417 2151 572 2229 apud
603 2150 713 2208 hos
747 2150 998 2230 quidem,
1030 2169 1177 2228 quos
1208 2149 1519 2221 nominavi,
1543 2156 1645 2207 aut
1676 2148 1829 2207 inter
1864 2149 1952 2226 ip-

262 2250 356 2288 sos
388 2230 682 2289 dissensio,
769 2230 884 2290 Sed
917 2250 1047 2289 cum
1084 2230 1252 2289 beata
1284 2229 1406 2288 vita
1437 2236 1740 2307 quaeratur
1769 2229 1949 2307 idque

262 2311 338 2369 sit
365 2330 562 2383 unum,
584 2310 739 2389 quod
769 2310 1140 2389 philosophia
1167 2317 1423 2387 spectare
1444 2317 1504 2368 et
1530 2310 1692 2387 sequi
1719 2307 1946 2379 debeat,

262 2392 409 2449 sitne
437 2411 503 2449 ea
534 2399 660 2449 tota
688 2392 810 2449 sita·
825 2391 884 2449 in
913 2396 1201 2469 potestate
1230 2390 1503 2467 sapientis
1530 2408 1600 2446 an
1631 2388 1816 2466 possit
1844 2397 1948 2447 aut

260 2471 591 2531 labefactari
638 2477 738 2529 aut
775 2472 917 2550 eripi
961 2470 1131 2529 rebus
1168 2469 1434 2541 adversiS,
1465 2470 1526 2526 in
1560 2488 1628 2526 eo
1661 2486 1949 2526 nonnum-

261 2571 433 2630 quam
469 2551 669 2609 variari
719 2551 869 2608 inter
901 2570 1000 2608 eos
1041 2558 1100 2608 et
1144 2549 1394 2608 dubitari
1443 2548 1683 2606 videtur.
1770 2547 1949 2617 Quod
2013 2591 2018 2596 -

258 2633 508 2689 maxime
557 2630 731 2689 efficit
774 2630 1158 2709 Theophrasti
1199 2630 1272 2688 de
1319 2629 1484 2687 beata
1525 2629 1643 2687 vita
1684 2627 1844 2701 liber,
1883 2630 1946 2687 in

260 2732 375 2790 quo
410 2712 658 2769 multum
693 2711 1003 2769 admodum
1039 2710 1307 2768 fortunae
1340 2710 1542 2781 datur3
1586 2708 1741 2787 quod
1775 2709 1826 2766 si
1861 2708 1949 2767 ita

259 2811 319 2848 se
359 2790 583 2862 habeat,
616 2810 731 2848 non
773 2791 959 2866 possit
989 2790 1217 2848 beatam
1252 2788 1428 2847 vitam
1472 2795 1756 2867 praestare
1797 2788 1947 2866 sapi·

259 2869 430 2926 entia.
515 2870 677 2927 Haec
718 2870 863 2926 mihi
900 2869 1129 2927 videtur
1162 2868 1474 2941 delicatior,
1505 2876 1573 2926 ut
1613 2869 1696 2925 ita
1731 2867 1943 2940 dicam,

257 2946 598 3023 molliorque
639 2948 804 3019 rati0,
837 2967 1005 3025 quam
1041 2948 1272 3005 virtutis
1312 2948 1399 3005 vis
1438 2948 1801 3025 gravitasque
1842 2966 1947 3025 po-

259 3023 448 3080 stulat.
533 3024 721 3092 Quare
758 3034 1053 3083 teneamus
1085 3026 1461 3084 Aristotelem
1501 3034 1562 3085 et
1598 3027 1720 3084 eius
1757 3025 1945 3085 filium

259 3098 694 3172 Nicomachum,
720 3104 1166 3162 cuius'accurate
1201 3105 1400 3183 scripti
1424 3106 1495 3163 de
1526 3105 1781 3164 moribus
1808 3105 1948 3165 libri

258 3175 528 3232 dicuntur
559 3178 644 3234 illi
679 3182 910 3254 quidem
947 3201 1065 3238 esse
1104 3184 1418 3257 Aristoteli,
1451 3185 1552 3243 sed
1593 3204 1710 3242 non
1748 3186 1947 3264 vide0,
