2259 3467
255 126 320 175 48
418 124 518 173 DE
551 124 844 175 FINIBUS
877 123 1233 174 BONORUM
1266 125 1360 175 ET
1394 125 1776 180 MALORUM.

254 227 404 285 vitae
432 225 837 303 locupletatam
865 225 1096 283 videbit.
1163 225 1336 294 Quod
1358 246 1426 285 eo
1449 226 1724 305 liquidius
1751 229 1949 302 faciet,

255 307 302 364 si
337 306 705 384 perspexerit,
738 324 924 363 rerum
961 306 1112 363 inter
1149 325 1242 363 eas
1282 307 1659 365 verborumne
1702 309 1777 366 sit
1814 328 1952 367 con-

254 387 545 446 troversia.

335 466 506 524 XIII.
592 472 685 523 39.
731 465 923 528 Huius
951 485 1061 543 ego
1089 485 1242 524 nune
1271 466 1670 525 auctoritatem
1704 488 1950 546 sequens

255 547 409 605 idem
443 546 669 604 faciam.
755 544 1047 614 Quantum
1084 547 1240 603 enim
1275 554 1496 624 potero,
1522 547 1779 606 minuam
1813 568 1948 606 con-

255 626 542 685 tentiones
583 645 924 703 omnesque
939 625 1252 684 sententias
1293 625 1584 704 simplices
1630 647 1846 700 eorum,
1882 629 1948 688 in

257 706 465 785 quibus
486 705 642 764 nulla
669 713 757 763 est
778 706 1007 763 virtutis
1034 705 1347 775 adiunctiO,
1372 707 1611 765 omnino
1640 727 1674 765 a
1695 707 1948 786 philoso-

255 786 394 864 phia
442 786 814 845 semovendas
848 785 1096 878 ‘putab0,
1135 785 1386 863 primum
1435 786 1724 865 Aristippi
1770 789 1948 865 Cyre-

256 867 664 944 naicorumque
706 866 983 936 omnium,
1016 885 1161 943 quos
1201 885 1319 923 non
1362 873 1451 924 est
1488 868 1732 925 veritum
1773 869 1833 925 in
1876 889 1949 926 ea

256 947 569 1023 voluptate,
602 965 747 1024 quae
784 945 1035 1003 maxima
1068 944 1371 1005 dulcedine
1405 966 1633 1004 sensum
1667 957 1943 1018 moveret,

257 1047 544 1085 summum
580 1025 795 1084 bonum
831 1045 1064 1103 ponere,
1087 1034 1522 1085 contemnentes
1554 1027 1725 1085 istam
1758 1029 1948 1086 vacui-

256 1115 433 1165 tatem
469 1106 700 1164 doloris.
785 1111 881 1164 40.
926 1106 1009 1163 Ηί
1048 1125 1165 1163 non
1202 1106 1484 1177 viderunt,
1510 1115 1574 1165 ut
1606 1108 1681 1165 ad
1714 1127 1944 1165 cursum

258 1206 486 1264 equum,
518 1186 593 1244 ad
625 1186 904 1244 arandum
938 1185 1162 1256 bovem,
1193 1187 1266 1243 ad
1301 1187 1692 1264 indagandum
1722 1207 1941 1259 canem,

257 1267 339 1325 sic
366 1267 661 1325 hominem
691 1266 763 1324 ad
794 1266 936 1324 duas
962 1286 1068 1338 reS,
1093 1272 1161 1324 ut
1186 1267 1269 1324 ait
1296 1265 1654 1337 AristoteleS,
1680 1268 1753 1325 ad
1781 1268 1945 1325 iutel-

256 1346 565 1424 legendum
599 1353 657 1404 et
688 1347 767 1403 ad
806 1346 1089 1422 agendum
1126 1366 1249 1404 esse
1287 1353 1504 1418 natum,
1537 1348 1699 1424 quasi
1735 1356 1948 1406 morta-

257 1427 369 1485 lem
404 1427 595 1499 deum,
626 1436 937 1504 contraque
975 1435 1040 1485 ut
1077 1427 1299 1484 tardam
1344 1426 1595 1504 aliquam
1634 1435 1694 1485 et
1730 1426 1948 1504 langvi-

257 1508 389 1565 dam
426 1507 706 1585 pecudem
739 1506 814 1565 ad
853 1514 1078 1584 pastum
1114 1514 1175 1564 et
1208 1507 1281 1564 ad
1314 1507 1653 1584 procreandi
1685 1507 1948 1585 volupta-

256 1595 375 1646 tem
410 1587 520 1645 hoc
555 1587 815 1645 divinum
852 1587 1064 1645 animal
1099 1594 1289 1644 ortum
1327 1606 1448 1644 esse
1480 1586 1801 1658 voluerunt,
1827 1606 1946 1665 quo

258 1667 401 1727 nihil
422 1667 569 1726 mihi
590 1668 816 1726 videtur
844 1666 1162 1726 absurdius,
1225 1671 1320 1724 41.
1352 1666 1548 1744 Atque
1576 1666 1716 1725 haec
1744 1675 1947 1725 contra

257 1749 640 1827 Aristippum,
657 1749 755 1827 qui
774 1767 898 1805 eam
923 1747 1275 1824 voluptatem
1301 1766 1416 1804 non
1440 1747 1616 1804 modo
1639 1766 1942 1818 summam,

258 1829 359 1887 sed
396 1831 573 1887 solam
619 1830 794 1887 etiam
832 1827 1009 1899 ducit,
1041 1846 1215 1905 quam
1258 1845 1457 1884 omnes
1490 1846 1661 1885 unam
1698 1827 1947 1905 appella-

258 1929 387 1966 mus
424 1909 796 1985 voluptatem.
880 1907 1071 1966 Aliter
1107 1915 1299 1965 autem
1340 1905 1502 1964 vobis
1538 1907 1741 1984 placet.
1829 1906 1946 1965 Sed

257 1989 369 2058 ille,
403 1995 467 2046 ut
499 1989 638 2059 dixi,
670 1989 889 2046 vitiose.
975 1987 1097 2045 Nec
1136 1988 1292 2044 enim
1329 1986 1514 2063 figura
1548 1987 1806 2065 corporis
1837 2006 1946 2045 nec

258 2069 405 2126 ratio
454 2067 733 2126 excellens
775 2067 993 2144 ingenii
1033 2067 1274 2124 humani
1315 2066 1616 2144 significat,
1653 2068 1725 2125 ad
1770 2086 1944 2125 unam

257 2148 404 2207 hane
452 2168 571 2206 rem
619 2155 812 2205 natum
861 2147 1171 2218 hominem,
1202 2155 1268 2205 ut
1309 2147 1593 2205 frueretur
1641 2147 1947 2225 voluptati-

258 2228 381 2287 bus,
446 2228 503 2285 N
506 2247 568 2287 ec
589 2247 724 2285 vero
754 2227 1072 2286 audiendus
1100 2227 1517 2304 Hieronymus,
1532 2227 1624 2285 cui
1653 2247 1945 2284 summum

258 2309 477 2367 bonum
511 2316 598 2366 est
630 2307 803 2378 idem,
836 2308 993 2385 quod
1024 2326 1128 2364 vos
1169 2307 1459 2365 interdum
1500 2306 1586 2365 vel
1624 2308 1824 2385 potius
1863 2307 1946 2365 ni-

257 2389 440 2447 mium
475 2407 644 2465 saepe
678 2387 885 2459 dicitis,
909 2387 1053 2444 nihil
1089 2387 1296 2445 dolere.
1382 2387 1439 2444 N
1442 2407 1515 2444 on
1551 2389 1724 2460 enim,
1748 2388 1797 2444 si
1829 2407 1948 2445 ma-

258 2469 380 2527 lum
402 2476 489 2527 est
510 2469 690 2541 dolor,
715 2488 903 2526 carere
924 2488 993 2526 eo
1023 2467 1177 2525 malo
1207 2467 1344 2525 satis
1372 2474 1460 2524 est
1488 2467 1562 2525 ad
1587 2467 1729 2527 bene
1758 2467 1949 2526 viven-

260 2549 415 2608 dum.
501 2550 633 2607 Hoc
662 2549 871 2608 dixerit
899 2548 1094 2625 potius
1123 2547 1378 2605 Ennius:

600 2670 822 2719 Nimium
848 2669 966 2719 boni
988 2677 1078 2731 est,
1102 2668 1184 2718 cui
1207 2668 1331 2717 nihil
1353 2677 1428 2718 est
1451 2668 1598 2730 mali3

259 2807 367 2845 nos
385 2786 611 2844 beatam
635 2785 810 2843 vitam
838 2803 955 2842 non
977 2783 1314 2861 depulsione
1342 2781 1495 2853 mali,
1516 2783 1618 2841 sed
1639 2781 1950 2861 adeptione

262 2865 401 2924 boni
433 2865 769 2935 iudicemuS,
800 2882 906 2922 nec
942 2883 1067 2921 eam
1104 2863 1397 2933 cessando,
1428 2863 1547 2920 sive
1579 2863 1950 2940 gaudentem,

262 2951 331 3001 ut
356 2944 707 3021 Aristippus,
731 2944 849 3000 sive
881 2962 997 3000 non
1031 2941 1339 3012 dolentem,
1364 2948 1431 2999 ut
1459 2942 1570 3013 hic,
1595 2943 1696 3000 sed
1723 2943 1952 3019 agendo

265 3022 481 3099 aliquid
520 3021 1006 3080 considerandove
1045 3039 1398 3097 quaeramus.
1483 3026 1577 3078 42.
1624 3021 1783 3090 Quae
1823 3042 1953 3099 pos-

266 3110 400 3159 sunt
441 3102 639 3159 eadem
681 3109 883 3158 contra
915 3099 1305 3157 Carneadeum
1342 3098 1485 3156 illud
1527 3120 1814 3158 summurn
1853 3101 1953 3159 bo·

267 3199 403 3238 num
452 3182 584 3253 diei,
616 3180 772 3257 quod
821 3179 871 3238 is
919 3197 1036 3235 non
1084 3186 1221 3250 tam,
1255 3186 1320 3235 ut
1367 3178 1652 3255 probaret,
1688 3181 1952 3257 protulit,
