2259 3467
801 107 942 158 Lm.
969 108 1090 171 1v.‚
1120 107 1544 159 CAP.X.-X11.
1927 110 2024 160 123

331 209 714 270 animantium
756 210 935 268 statui
974 209 1175 269 deceat
1217 217 1553 268 extremum.
1638 208 1789 268 Cum
1830 216 2022 275 autem

331 291 628 349 hominem
658 291 719 348 in
742 310 811 348 eo
833 309 1041 367 genere
1063 291 1364 367 posuisset,
1388 298 1453 349 ut
1473 291 1527 349 ei
1548 289 1825 348 tribueret
1847 291 2026 349 animi

332 369 747 438 excellentiam,
778 389 1068 428 summum
1094 370 1327 427 'bonum
1361 370 1423 428 id
1455 370 1776 441 constituit,
1806 388 1925 427 non
1959 377 2027 428 ut

332 451 607 511 excellere
648 451 891 522 animuS,
924 450 1025 508 sed
1061 456 1126 508 ut
1158 450 1303 507 nihil
1337 469 1459 509 esse
1500 457 1726 527 praeter
1765 450 2022 508 animum

336 532 638 590 videretur.
724 529 864 588 XII.
910 530 1050 589 Uno
1090 536 1287 589 antem
1327 529 1507 587 modo
1548 530 1609 587 iu
1652 530 1864 588 virtute
1905 531 2027 587 sola

333 630 626 669 summum
662 611 880 669 bonum
914 618 1068 668 recte
1100 617 1427 688 poneretur,
1453 610 1501 667 si
1535 610 1694 688 quod
1726 621 1877 668 esset
1908 611 2027 668 ani-

333 691 468 762 mal,
487 691 643 769 quod
666 698 855 749 totum
885 709 956 748 ex
983 698 1179 748 mente
1207 697 1512 761 constaret,
1534 690 1595 747 id
1617 690 1807 767 ipsum
1829 685 2021 748 tamen

333 772 435 842 sic,
461 781 526 829 ut
552 790 620 829 ea
646 790 809 829 mens
836 769 982 828 nihil
1011 769 1248 828 haberet
1276 770 1337 827 in
1368 788 1445 840 sc,
1470 771 1626 848 quod
1656 777 1805 828 esset
1833 790 2028 828 secun-

335 852 477 910 dum
506 858 788 921 naturam,
812 858 879 909 ut
908 850 1175 909 valetudo
1204 856 1306 909 est.
1393 854 1485 908 29.
1524 849 1638 908 Sed
1668 850 1746 921 id,
1768 869 1842 907 ne
1874 851 2025 928 cogi·

333 932 446 990 tari
477 931 709 1009 quidem
738 936 950 1009 potest,
974 930 1142 1009 quale
1170 930 1263 1003 sit,
1287 936 1353 988 ut
1381 949 1497 987 non
1527 938 1810 1008 repugnet
1835 930 2025 1008 ipsum

335 1012 466 1070 sibi.
2037 1013 2041 1017 ’

417 1092 520 1149 Sin
556 1091 759 1150 dieunt
792 1090 1083 1149 obscurari
1118 1090 1401 1168 quaedam
1433 1110 1540 1149 neo
1574 1109 1863 1168 apparere,
1895 1090 2031 1167 quia

337 1172 502 1231 valde
525 1191 699 1249 parva
725 1171 859 1242 sint,
879 1190 988 1229 nos
1009 1189 1240 1248 quoquc
1267 1170 1670 1242 concedimus;
1707 1171 1865 1249 quod
1885 1171 2031 1228 dicit

336 1253 622 1329 Epicurus
655 1251 831 1310 ctiam
859 1250 934 1309 de
960 1250 1273 1328 voluptate,
1299 1270 1445 1329 quae
1479 1251 1752 1310 minimae
1786 1251 1903 1309 sint
1934 1271 2031 1309 vo-

336 1333 606 1410 luptates,
637 1351 733 1390 eas
760 1331 1052 1389 obscurari
1081 1350 1251 1409 saepe
1278 1339 1339 1390 et
1366 1331 1567 1404 obrui3
1611 1332 1712 1390 sed
1739 1350 1858 1389 non
1894 1338 2031 1389 sunt

337 1413 398 1470 iu
443 1431 513 1469 eo
546 1431 754 1489 genere
786 1418 980 1469 tantae
1020 1411 1466 1470 commoditates
1506 1412 1763 1490 corporis
1795 1419 2031 1489 tamque

338 1492 656 1569 productae
701 1491 1063 1569 temporibus
1110 1498 1345 1569 tamque
1394 1490 1624 1549 multae.
1710 1491 1914 1569 Itaque
1967 1491 2030 1548 in

340 1571 551 1650 quibus
577 1579 815 1649 propter
842 1591 1039 1629 eorum
1068 1571 1446 1647 exiguitatem
1480 1571 1805 1628 obscuratio
1838 1590 2032 1629 conse·

340 1652 554 1729 quitur,
587 1671 755 1728 saepe
788 1651 1015 1723 accidit,
1047 1658 1114 1709 ut
1146 1650 1288 1708 nihil
1325 1650 1599 1709 iuteresse
1632 1658 1830 1709 nostra
1855 1650 2034 1709 fatea-

339 1751 489 1803 mur,
512 1731 631 1790 sint
662 1731 762 1789 illa
791 1751 973 1789 necne
1007 1731 1157 1803 siut3
1201 1739 1269 1788 ut
1298 1731 1354 1788 in
1387 1730 1523 1802 sole,
1549 1730 1707 1808 quod
1734 1749 1769 1787 a
1794 1738 1854 1788 te
1882 1730 2033 1789 dice-

340 1812 528 1884 batur,
551 1811 839 1870 lucernam
869 1810 1142 1869 adhibere
1163 1811 1307 1867 nihil
1331 1811 1567 1868 interest
1587 1818 1689 1869 aut
1708 1811 2031 1869 teruncium

340 1892 566 1951 adicere
597 1891 799 1950 Croesi
830 1891 1143 1969 pecuniae3
1187 1885 1337 1969 (30.)
1375 1890 1585 1969 quibus
1626 1897 1821 1948 autem
1855 1891 1915 1948 in
1950 1910 2035 1948 re-

276 2031 287 2041 ,
341 1972 452 2030 bus
493 1980 659 2031 tanta
699 1970 1027 2029 obscuratio
1069 1990 1188 2028 non
1223 1970 1306 2043 fit,
1335 1970 1459 2029 fieri
1491 1977 1685 2029 tamen
1727 1977 1936 2048 potest,
1967 1978 2035 2029 ut

340 2052 404 2111 id
447 2052 658 2129 ipsum,
689 2051 847 2129 quod
887 2051 1143 2123 interest,
1173 2070 1289 2109 non
1334 2051 1412 2110 sit
1450 2070 1744 2129 magnum.
1829 2052 1917 2111 Ut
1960 2052 2032 2124 ei,

341 2132 445 2211 qui
484 2133 733 2190 iucunde
769 2131 974 2190 vixerit
1013 2151 1197 2189 annos
1237 2132 1456 2204 decem,
1486 2133 1536 2190 si
1576 2144 1756 2211 aeque
1792 2132 1914 2190 vita
1952 2132 2036 2190 iu-

340 2212 533 2271 cunda
579 2218 875 2270 menstrua
922 2211 1184 2284 addatur,
1215 2212 1352 2290 quia
1393 2221 1757 2270 momentum
1800 2212 2037 2291 aliquod

341 2292 553 2351 habeat
591 2292 667 2350 ad
699 2291 1017 2350 iucundum
1050 2294 1317 2365 accessiO,
1347 2292 1567 2350 bonum
1602 2293 1711 2363 sit,
1755 2293 1803 2349 si
1839 2302 2035 2351 autem

340 2373 406 2431 id
443 2391 558 2430 non
592 2371 956 2443 concedatur,
983 2391 1102 2429 non
1137 2373 1415 2430 continuo
1451 2373 1568 2430 vita
1600 2372 1769 2431 beata
1795 2370 2033 2430 tollitur.

341 2452 516 2511 Bona
554 2458 748 2511 autem
786 2452 1044 2528 corporis
1076 2451 1213 2510 huic
1246 2459 1397 2524 sunt,
1427 2452 1583 2530 quod
1618 2452 1905 2529 posterius
1936 2472 2039 2531 po-

343 2533 452 2604 sui,
485 2532 777 2591 similiora.
862 2531 1101 2590 Habent
1141 2532 1296 2589 enim
1346 2531 1726 2590 accessionem
1779 2532 2034 2607 dignam,

342 2613 407 2671 iu
442 2632 558 2690 qua
589 2611 928 2683 elaboretur,
952 2618 1019 2670 ut
1051 2612 1199 2670 mihi
1232 2613 1294 2669 in
1324 2612 1433 2670 hoc
1464 2611 1646 2670 Stoici
1679 2611 1856 2669 iocari
1886 2612 2040 2669 vide-

344 2701 519 2751 antur
556 2692 868 2763 interdum,
898 2711 1032 2749 cum
1074 2692 1159 2749 ita
1197 2691 1410 2759 dicant,
1442 2692 1493 2749 si
1531 2691 1606 2749 ad
1647 2690 1803 2749 illam
1838 2691 2036 2763 vitam,

345 2792 494 2850 quae
523 2791 655 2830 cum
687 2772 897 2830 virtute
927 2771 1187 2848 degatur,
1211 2772 1465 2850 ampulla
1489 2779 1591 2829 aut
1618 2770 1859 2848 strigilis
1886 2790 2041 2829 acce-

344 2854 465 2923 dat,
501 2859 868 2929 sumpturum
917 2853 1233 2929 sapientem
1284 2871 1409 2909 eam
1455 2852 1631 2909 vitam
1682 2851 1893 2928 potius,
1924 2871 2040 2929 quo

345 2933 490 2990 haee
518 2933 741 2990 adiecta
768 2933 900 3001 sint,
927 2951 1030 2989 nec
1067 2932 1380 2988 beatiorem
1415 2939 1608 2990 tamen
1644 2932 1719 2988 ob
1753 2950 1879 2988 eam
1913 2951 2043 2989 cau-

347 3031 473 3070 sam
500 3012 643 3071 fore.
715 3017 807 3069 31.
847 3012 979 3068 Hoc
1008 3012 1195 3068 simile
1222 3011 1454 3069 tandem
1486 3012 1609 3068 est?
1651 3030 1768 3068 non
1796 3012 1912 3069 risu
1941 3031 2043 3088 po-

347 3093 468 3151 tius
500 3111 672 3170 quam
714 3091 973 3149 oratione
1007 3090 1371 3149 eiciendum?
1453 3090 1728 3167 Ampulla
1768 3093 1922 3149 enim
1966 3091 2044 3149 sit

348 3191 531 3232 necne
552 3172 645 3245 sit,
668 3170 798 3250 quis
826 3189 943 3229 non
972 3170 1094 3229 iure
1123 3171 1350 3248 optimo
1378 3170 1697 3243 irrideatur,
1719 3171 1766 3229 si
1790 3171 2044 3231 laboret?
