2259 3467
808 121 1060 184 LIBJV„
1091 121 1248 171 CAP.
1278 121 1487 180 11.-1V.
1888 124 1989 183 1493

292 229 926 306 Peripateticorumque
955 228 1252 287 sententia.
1336 228 1651 292 Censemus
1678 235 1868 287 autem
1901 230 1997 291 fa-÷

292 310 504 368 cillime
533 317 590 367 te
618 309 679 367 id
709 310 1011 386 explanare
1044 328 1234 386 posse,
1261 309 1416 387 quod
1452 316 1510 366 et
1543 308 1799 372 Staseam
1835 308 1994 372 Nea-³

292 390 612 467 politanum
660 388 873 447 multos
914 408 1096 446 annos
1138 388 1404 446 habueris
1437 389 1592 466 apud
1636 396 1786 450 teet
1828 408 1999 454 eom-·

290 469 527 547 plures
512 489 625 527 lam
657 488 882 527 menses
907 469 1155 527 Athenis
1184 468 1365 527 haec
1352 488 1477 546 lpsa
1505 477 1562 527 te
1590 488 1659 526 ex
1683 468 2000 527 Antiocho·

290 550 592 609 videamus
620 549 929 626 exquir-‚eie
988 548 1068 606 Et
1087 548 1183 608 ille
1211 549 1435 608 ridens:
1473 550 1618 642 Age,
1638 568 1762 625 age,
1787 549 1997 627 inquit*

293 625 459 705 (satis
487 630 640 687 enim
672 629 812 687 scite
843 648 934 687 me
955 630 1140 688 nostri
1168 629 1447 690 sermonis
1476 629 1823 706 principium
1857 650 1997 693 esse·

289 707 569 785 voluisti),
590 728 946 786 exponamus
973 708 1350 777 adulescenti,
1361 709 1410 766 si
1432 718 1578 787 quae
1599 711 1754 767 forte
1782 729 1979 802 possu-
1985 739 1988 742 2

288 809 435 849 mus.
520 790 641 848 Dat
669 790 822 847 enim
855 789 915 847 id
944 789 1112 847 nobis
1141 788 1411 862 solitudO,
1438 789 1594 866 quod
1624 790 1672 845 si
1702 790 1799 866 qui
1836 790 1979 848 deus

290 871 524 942 diceret,
560 889 875 948 numquam
917 876 1198 947 putarem,
1230 888 1323 926 me
1371 870 1433 926 in
1479 869 1798 928 Academia
1836 877 1978 927 tam-

290 970 461 1028 quam
531 950 943 1027 philosophum
1005 949 1450 1026 disputaturum.
1537 949 1648 1007 Sed
1706 968 1795 1018 ne,
1836 950 1976 1008 dum

287 1031 424 1088 hnic
454 1030 758 1123 obsequor,
792 1029 955 1087 vobis
993 1030 1269 1088 molestus
1314 1031 1438 1087 siin.
1510 1029 1735 1100 Mihi,
1719 1049 1972 1106 mquam,

289 1112 389 1189 qui
423 1119 483 1168 te
516 1110 624 1168 id
610 1130 796 1187 ipsum
838 1110 1073 1187 rogavi?
1153 1109 1323 1181 Tum,
1348 1109 1600 1179 Quintus
1632 1117 1691 1190 et
1724 1109 1996 1188 Pompo-⁴

287 1191 420 1249 nius
453 1210 585 1248 eum
619 1190 774 1248 idem
809 1210 868 1247 se
903 1189 1044 1247 velle
1086 1189 1382 1261 dixissent,
1414 1190 1553 1249 Piso
1587 1187 1819 1248 exorsus
1852 1200 1973 1260 est;
1987 1225 1994 1248 ,ι

287 1271 452 1329 euius
485 1271 685 1341 orati0,
717 1270 982 1339 attende,
992 1289 1220 1347 quaese,
1250 1269 1335 1328 Βι
1338 1278 1449 1341 ute,
1472 1269 1687 1328 satisne
1716 1269 1996 1363 videatur,

285 1351 569 1409 Antiochi
613 1351 912 1428 complexa
945 1369 1066 1407 esse
1112 1351 1475 1421 sententiam,
1509 1370 1678 1428 quam
1715 1350 1841 1419 tibi,
1875 1351 1996 1427 qui.

286 1432 526 1489 fratrem
569 1432 689 1489 eius
737 1431 997 1489 Aristum
1034 1431 1402 1507 ,frequenter
1427 1429 1689 1524 audieris,
1728 1430 1993 1496 maxime,
2053 1492 2057 1495 ,

286 1511 589 1589 probatam
618 1512 902 1569 existim0.
1989 1563 1992 1564 ⁷

365 1591 471 1650 IV.
520 1591 631 1649 Sic
661 1598 749 1649 est
789 1591 968 1668 igitur
1008 1590 1249 1649 locutus,
1338 1596 1389 1648 9.
1436 1589 1698 1659 Quantus
1741 1599 1994 1652 ornatus

285 1672 347 1729 in
389 1671 904 1747 Peripateticorum
949 1670 1254 1749 disciplina
1295 1671 1383 1741 sit,
1409 1671 1548 1728 satis
1581 1678 1669 1728 est
1701 1690 1735 1727 a
1768 1689 1892 1742 me,
1910 1678 1996 1728 ut,

285 1751 617 1809 brevissime
646 1752 856 1828 potuit,
881 1751 1051 1829 paulo
1081 1758 1214 1808 ante
1243 1751 1481 1809 dictum.
1540 1750 1653 1808 Sed
1673 1758 1763 1812 est
1784 1751 1975 1815 forma

285 1832 408 1889 eius
457 1831 812 1909 disciplinae,
841 1832 988 1889 sieut
1031 1831 1153 1889 fere
1202 1839 1534 1901 ceterarum,
1538 1830 1807 1923 ‘triplex‘
1858 1841 1994 1888 una'

283 1931 417 1988 pars
471 1920 559 1970 est
614 1917 864 1980 naturae,
890 1911 1213 1969 disserendi
1270 1910 1461 1982 altera,
1499 1909 1763 1967 vivendi
1784 1911 1968 1969 tertia.
1988 1947 1996 1972 ;

284 1991 508 2049 Natura
534 1992 615 2050 sic
649 1991 770 2049 ab
740 1992 826 2049 1is
860 1991 1204 2068 investigata
1230 1997 1334 2062 est,
1361 1998 1425 2048 ut
1453 1990 1632 2048 nulla
1635 2009 1767 2067 pars
1794 1987 1994 2061 caelo„

283 2073 445 2144 mari,
465 2079 616 2130 terra
636 2067 728 2146 (·ut
748 2072 979 2149 poetice
1003 2069 1227 2148 loquar)
1248 2071 1650 2149 praetermissa
1668 2072 1757 2129 sit.
1817 2070 1992 2140 Quin-

283 2153 477 2225 etiam,
502 2158 636 2210 cu'm
674 2152 746 2210 de
780 2171 967 2210 rerum
1003 2151 1186 2210 initiis
1217 2152 1505 2230 omnique
1539 2151 1759 2209 mundo
1794 2151 1971 2210 locuti

283 2235 487 2301 essent,
511 2242 576 2290 ut
597 2232 780 2289 multa
800 2251 915 2289 non
943 2232 1117 2290 modo
1142 2232 1424 2309 probabili
1456 2233 1967 2310 argumentatione,

282 2312 384 2378 sed
427 2313 599 2370 etiam
645 2313 959 2370 necessaria
1001 2312 1536 2371 mathematicorum
1584 2313 1806 2369 ratione
1840 2331 1971 2368 con—

281 2391 595 2461 eluderent,
621 2393 930 2449 maximam
967 2385 1260 2450 materiam
1292 2412 1361 2449 ex
1395 2392 1565 2449 rebus
1597 2412 1701 2469 per
1733 2411 1791 2448 se
1822 2392 1972 2448 inve—

281 2472 509 2548 stigatis
521 2472 609 2530 .ad
633 2492 821 2530 rerum
845 2472 1196 2530 occultarum
1220 2471 1610 2549 cognitionem
1636 2470 1966 2528 attulerunt.

238 2591 246 2599 ·
285 2555 376 2609 10.
426 2552 768 2610 Persecutus
801 2559 888 2610 est
916 2552 1259 2610 Aristoteles
1292 2552 1670 2609 animantium
1707 2551 1967 2607 omnium

281 2637 460 2704 ortus,
491 2632 950 2709 victuS‚.figuras,
980 2632 1414 2709 Theophrastus
1463 2639 1655 2689 autem
1702 2630 1969 2708 stirpium

280 2719 515 2770 naturas
556 2713 930 2789 omniumque
963 2712 1085 2770 fere
1119 2731 1325 2783 rerum,
1352 2731 1497 2790 quae
1530 2731 1561 2768 e
1595 2719 1743 2769 terra
1774 2711 1970 2788 gigne-

278 2798 495 2861 rentur,
520 2812 716 2850 causas
749 2803 920 2871 atque
953 2793 1240 2863 rationes;
1286 2799 1398 2869 qua
1426 2812 1492 2849 ex
1528 2791 1859 2867 cognitione
1888 2792 1992 2854 fa-⁴

278 2872 448 2938 eilior
478 2872 635 2931 facta
666 2880 753 2932 est
796 2873 1164 2949 investigatio
1202 2892 1390 2932 rerum
1438 2871 1995 2930 occultissimarum.-

276 2952 733 3029 Disserendique
773 2952 1086 3011 abiisdem
1135 2973 1252 3010 non
1295 2952 1590 3010 dialectice
1633 2951 1835 3021 solum,
1867 2949 1994 3016 sed,

278 3035 456 3092 etiam
494 3034 745 3091 oratorie
773 3037 1076 3109 praecepta
1118 3041 1253 3090 sunt
1284 3032 1531 3102 tradita;
1581 3031 1653 3089 ab
1688 3031 1969 3095 Aristote-

277 3113 447 3190 le'que
480 3113 739 3189 principe
761 3114 832 3170 de
862 3112 1101 3188 singulis
1128 3112 1297 3169 rebus
1326 3113 1383 3168 in
1417 3119 1714 3187 utramque
1744 3118 1965 3188 partem

278 3193 514 3263 dicendi
545 3193 874 3250 exercitatio
902 3200 989 3249 est
1016 3192 1297 3264 instituta,
1320 3199 1383 3249 ut
1406 3211 1518 3249 non
1542 3199 1750 3273 ‚eontra
1772 3191 1968 3248 omnia
