2259 3467
297 122 391 169 162
460 120 560 169 DE
592 117 885 169 FINIBUS
917 119 1273 170 BONORUM
1305 117 1400 170 ET
1433 117 1814 172 MALORUM.

291 220 460 281 XIV.
507 220 657 279 Sunt
689 226 882 278 autem
915 220 1131 279 bestiae
1166 222 1465 299 quaedam,
1498 223 1556 280 in
1594 223 1803 300 quibus
1836 224 1987 283 inest

293 301 511 379 aliquid
532 301 719 359 simile
737 301 981 372 virtutiS,
1004 302 1149 359 utin
1172 301 1451 374 leonibuS,
1473 309 1538 359 ut
1560 303 1619 359 in
1643 303 1897 375 canibuS,
1918 313 1987 361 ut

293 383 351 442 in
377 382 555 459 equiS,
579 381 636 439 in
663 381 870 459 quibus
900 401 1014 439 non
1040 401 1346 460 corporum
1370 382 1573 454 solum,
1595 383 1742 440 utin
1767 383 1981 456 suibus„

293 463 393 520 sed
422 461 597 519 etiam
628 463 949 519 animorum
975 461 1165 540 aliqua
1193 481 1262 520 ex
1291 469 1452 539 parte
1482 470 1674 520 motus
1704 464 1984 540 quosdam

293 543 569 602 videmus,
654 541 723 599 In
745 541 980 599 homine
1002 551 1192 600 autem
1223 560 1451 599 summa
1472 543 1663 600 omnis
1690 543 1870 601 animi
1896 553 1984 602 est

292 632 352 682 et
379 624 439 681 in
467 623 662 680 animo
694 622 950 694 rationis„
976 642 1045 680 ex
1080 642 1195 701 qua
1226 622 1407 680 virtus
1440 630 1544 694 est,
1571 642 1715 701 quae
1745 624 1982 682 rationis

292 702 578 762 absolutio
619 701 906 774 definitur,
939 722 1110 780 quam
1155 703 1329 761 etiam
1372 710 1547 781 atque
1588 704 1764 761 etiam
1806 704 1982 782 expli-

291 783 533 843 candam
563 782 784 861 putant.
997 781 1003 785 ’
1640 786 1645 790 “
2055 855 2062 859 b

374 870 466 923 39.
509 864 722 921 Earum
751 864 923 921 etiam
959 883 1167 936 rerum,
1194 883 1335 942 quas
1368 871 1518 923 terra
1549 865 1755 943 gignit,
1780 865 1980 924 educa-

290 947 377 1004 tio
406 945 686 1024 quaedam
720 950 780 1001 et
812 944 1092 1022 perfectio
1126 952 1215 1002 est
1250 964 1366 1002 non
1401 945 1696 1003 dissimilis
1728 946 1981 1003 animan-

290 1027 473 1098 tium3
517 1027 711 1102 itaque
740 1030 800 1082 et
828 1025 1015 1082 vivere
1043 1025 1220 1082 vitem
1256 1032 1317 1083 et
1348 1026 1497 1083 mori
1531 1025 1792 1098 dicimuS,
1818 1026 1981 1084 arbo-

292 1126 525 1184 remque
547 1113 606 1163 et
628 1104 908 1162 novellam
932 1112 992 1162 et
1010 1105 1259 1163 vetulam
1283 1114 1342 1163 et
1362 1106 1554 1183 vigere
1575 1114 1634 1163 et
1655 1123 1942 1164 senescere
1961 1126 1975 1179 3
2008 1146 2011 1151 -

290 1206 359 1244 ex
395 1206 510 1263 quo
545 1205 657 1242 non
695 1191 782 1242 est
816 1185 1083 1257 alienum,
1116 1193 1183 1243 ut
1214 1185 1617 1258 animantibuS,
1649 1186 1731 1244 sic
1765 1187 1878 1244 illis
1918 1194 1979 1245 et

290 1273 425 1343 apta
454 1265 733 1344 quaedam
763 1265 836 1322 ad
860 1272 1118 1323 naturam
1145 1273 1348 1342 putare
1369 1274 1429 1324 et
1448 1266 1648 1339 aliena,
1669 1286 1977 1345 earumque

289 1347 677 1423 augendarum
714 1353 773 1402 et
807 1345 1133 1404 alendarum
1174 1346 1461 1423 quandam
1504 1347 1796 1405 cultricem
1833 1367 1974 1421 esse,

291 1446 436 1505 quae
463 1427 540 1484 sit
567 1426 806 1483 scientia
833 1432 1005 1503 atque
1033 1445 1123 1483 ars
1152 1426 1545 1503 agricolarum,
1568 1447 1712 1505 quae
1740 1428 1979 1485 circum·

289 1507 460 1579 cidat,
494 1513 773 1584 amputet,
806 1506 1004 1583 erigat,
1035 1506 1288 1578 extollat,
1320 1508 1708 1580 adminiculet,
1746 1515 1827 1579 ut,
1859 1528 1977 1585 quo

288 1596 493 1646 natura
526 1588 692 1659 ferat,
723 1606 793 1645 eo
831 1587 1056 1665 possint
1093 1587 1209 1658 ire;
1252 1595 1319 1645 ut
1352 1588 1509 1664 ipsae
1543 1589 1703 1659 viteS,
1735 1590 1784 1646 si
1816 1589 1978 1665 loqui

289 1669 530 1745 possint,
565 1668 647 1726 ita
679 1687 740 1726 se
767 1667 1090 1725 tractandas
1123 1667 1479 1746 tuendasque
1513 1688 1632 1726 esse
1665 1669 1972 1728 fateantur.

288 1749 367 1807 Et
394 1768 548 1807 nunc
578 1747 830 1826 quidem,
857 1748 1011 1824 quod
1041 1767 1164 1805 eam
1197 1755 1407 1819 tuetur,
1429 1755 1495 1806 ut
1517 1748 1589 1806 de
1612 1749 1728 1806 vite
1749 1750 1978 1826 potissi-

288 1848 448 1887 mum
481 1829 698 1906 loquar,
723 1835 811 1887 est
836 1828 899 1886 id
928 1829 1309 1901 extrinsecus3
1344 1829 1402 1885 in
1433 1829 1558 1906 ipsa
1585 1829 1738 1887 enim
1769 1849 1972 1906 parum

288 1929 500 1987 magna
528 1911 614 1967 vis
641 1910 808 1979 inest,
832 1914 899 1967 ut
927 1928 1098 1986 quam
1128 1909 1349 1986 optime
1379 1929 1438 1966 se
1468 1908 1672 1967 habere
1701 1911 1900 1986 possit,
1927 1911 1975 1967 si

289 1991 446 2048 nulla
477 1990 699 2048 cultura
731 1988 1085 2049 adhibeatur.
1172 1995 1266 2046 40.
1302 1989 1388 2047 At
1423 2008 1553 2050 vero
1597 1990 1645 2047 si
1688 1990 1760 2046 ad
1798 1991 1974 2047 vitem

290 2089 487 2128 sensus
529 2070 843 2140 accesserit,
874 2079 942 2127 ut
981 2070 1302 2147 appetitum
1348 2070 1634 2147 quendam
1666 2069 1876 2128 habeat
1917 2080 1978 2128 et

289 2170 392 2228 per
420 2170 478 2208 se
506 2151 633 2228 ipsa
661 2157 972 2221 moveatur,
995 2150 1137 2227 quid
1164 2150 1449 2208 facturam
1476 2151 1682 2228 putas?
1763 2151 1859 2207 An
1889 2171 1973 2223 ea,

292 2250 435 2310 quae
463 2250 566 2308 per
595 2231 898 2294 vinitorem
927 2238 1095 2288 antea
1127 2230 1597 2308 consequebatur,
1622 2250 1724 2309 per
1758 2250 1816 2288 se
1850 2233 1978 2309 ipsa

289 2311 552 2370 curabit?
633 2310 748 2370 Sed
783 2311 1014 2369 videsne
1047 2329 1395 2369 accessuram
1430 2311 1485 2368 ei
1518 2330 1728 2381 curam,
1752 2319 1818 2368 ut
1854 2332 1978 2369 sen-

290 2413 385 2451 sus
420 2393 817 2471 quoque‘suos
849 2410 1161 2469 eorumque
1196 2410 1427 2448 omnem
1462 2391 1803 2467 appetitum,
1834 2399 1893 2448 et
1928 2393 1978 2449 si

290 2494 404 2552 qua
437 2474 553 2532 si-nt
585 2473 857 2531 adiuncta
888 2472 941 2530 ei
977 2470 1250 2542 membra,
1275 2472 1541 2529 tueatur?
1622 2470 1718 2529 Sic
1752 2471 1826 2528 ad
1858 2470 1974 2543 illa,

291 2573 436 2631 quac
485 2573 710 2631 semper
751 2552 970 2621 habuit,
1007 2552 1209 2628 iunget
1250 2570 1331 2621 ea,
1369 2571 1514 2628 quae
1555 2557 1756 2627 postea
1796 2570 1979 2608 acces-

291 2636 485 2704 serint,
516 2653 623 2692 nec
655 2633 902 2691 eundem
935 2631 1108 2690 finem
1146 2630 1397 2702 habebit,
1430 2650 1599 2709 quem
1634 2631 1819 2688 cultor
1852 2633 1978 2689 eius

289 2714 554 2785 habebat,
596 2714 696 2771 sed
748 2712 903 2771 volet
957 2711 1273 2770 secundum
1329 2730 1452 2769 eam
1504 2719 1784 2783 naturam,
1832 2730 1977 2788 quae

289 2800 491 2871 postea
512 2794 563 2851 ei
585 2793 856 2851 adiuncta
877 2799 979 2864 est,
1004 2793 1208 2850 vivere.
1286 2790 1378 2848 Ita
1405 2791 1607 2849 similis
1635 2792 1744 2849 erit
1772 2792 1824 2849 ei
1846 2791 1979 2850 finis

291 2874 446 2943 boni,
483 2879 655 2949 atque
699 2880 868 2929 antea
911 2872 1117 2942 fuerat,
1153 2891 1335 2950 neque
1383 2872 1539 2929 idem
1587 2878 1813 2942 tamen3
1857 2892 1975 2929 non

290 2952 443 3007 enim
467 2952 582 3009 iam
606 2951 800 3028 stirpis
819 2952 1039 3009 bonum
1063 2958 1312 3029 quaeret,
1334 2952 1433 3009 sed
1456 2952 1733 3010 animalis.
1801 2951 1974 3024 Quid,

292 3030 339 3085 si
370 3049 482 3085 non
514 3049 710 3088 sensus
738 3031 913 3088 modo
943 3031 996 3088 ei
1018 3031 1189 3089 datus
1210 3032 1301 3101 sit,
1321 3052 1517 3090 verum
1548 3033 1724 3090 etiam
1753 3033 1979 3090 animus

292 3107 580 3165 hominis?
621 3128 735 3166 non
771 3129 998 3168 necesse
1028 3118 1131 3183 est,
1157 3119 1215 3169 et
1243 3110 1340 3169 illa
1366 3112 1611 3189 pristina
1638 3132 1885 3186 manere,
1913 3120 1984 3171 ut*

291 3185 507 3243 tuenda
546 3187 676 3258 sint,
708 3196 766 3246 et
801 3188 938 3247 haec
973 3189 1157 3247 multo
1192 3210 1313 3249 esse
1352 3193 1583 3265 cariora,
1617 3212 1762 3271 quac
1796 3212 1982 3251 acces·
