2259 3467
228 86 322 135 146
387 84 487 134 DE
520 83 814 134 FINIBUS
846 82 1203 134 BONORUM
1236 85 1330 134 ΕΤ
1362 85 1746 137 MALORUM.

306 186 350 245 Ι.
439 192 490 246 1.
539 185 686 244 Cum
723 185 1007 243 audissem
1044 185 1422 257 Antiochum,
1446 186 1647 259 Brute,
1671 194 1738 246 ut
1771 188 1913 248 sole-

227 267 376 338 bam,
407 286 537 325 cum
585 265 663 323 M.
695 264 908 323 Pisone
954 265 1011 322 in
1059 285 1130 323 eo
1164 267 1488 343 gymnasio,
1520 268 1678 345 quod
1720 268 1910 326 Ptole-

225 367 453 405 maeum
501 353 750 415 vocatur,
786 364 1013 423 unaque
1058 345 1359 404 nobiscum
1409 346 1478 416 Q„
1519 349 1697 406 frater
1739 356 1799 406 et
1841 349 1908 407 T.

226 427 589 504 Pomponius
638 425 962 503 Luciusque
1003 425 1225 497 Cicero,
1261 426 1440 484 frater
1478 435 1675 486 noster
1705 448 1913 506 cogna-

225 508 386 566 tione
428 506 717 584 patrueliS,
741 524 936 563 amore
967 523 1292 582 germanuS,
1316 507 1722 566 constituimus
1763 508 1915 567 inter

226 607 349 658 nOS,
375 594 441 645 ut
471 585 920 644 ambulationem
957 586 1468 662 postmeridianam
1503 586 1914 646 conficeremus

225 668 284 724 in
321 666 653 737 Academia,
685 665 933 723 maxime
961 665 1119 742 quod
1152 666 1205 723 is
1243 665 1404 723 locus
1440 666 1514 724 ab
1543 667 1709 725 omni·
1743 668 1915 726 turba

225 747 289 805 id
315 747 595 825 temporis
621 765 834 804 vacuus
860 752 1025 803 esset.
1111 744 1316 824 Itaque
1344 746 1418 804 ad
1452 754 1684 825 tempus
1716 748 1789 806 ad
1818 748 1915 806 Pi-

227 846 423 885 sonem
457 846 676 885 omneS.
751 824 893 884 Inde
917 826 1072 883 vario
1101 844 1363 883 sermone
1392 846 1489 884 sex
1518 827 1616 885 illa
1636 846 1671 884 a
1690 827 1913 905 Dipylo

227 907 413 965 stadia
439 907 809 965 confecimus,
894 905 1042 964 Cum
1074 914 1268 964 autem
1299 907 1650 965 venissemus
1677 908 1734 965 in
1767 909 1916 965 Aca·-

227 988 450 1046 demiae
478 1006 597 1044 non
619 988 741 1045 sine
769 1005 940 1044 causa
965 985 1273 1044 nobilitata
1294 988 1494 1062 spatia,
1516 987 1767 1046 solitudo
1789 995 1915 1046 erat

227 1087 310 1138 ea,
331 1087 503 1145 quam
538 1067 911 1125 volueramus.
998 1073 1051 1124 2.
1095 1066 1247 1123 Tum
1277 1066 1449 1138 Fiso:
1494 1067 1787 1126 Naturane
1816 1088 1916 1130 no-

228 1147 316 1204 bis
346 1147 472 1218 hoc,
504 1147 711 1225 inquit,
735 1147 935 1204 datum
975 1147 1162 1204 dicam
1198 1166 1269 1203 an
1306 1166 1492 1205 errore
1528 1148 1797 1225 quodam,
1829 1156 1913 1219 ut,

227 1247 359 1285 cum
402 1247 470 1285 ea
512 1226 639 1284 loca
682 1227 992 1298 videamuS,
1023 1227 1082 1284 in
1127 1227 1338 1304 quibus
1381 1228 1660 1286 memoria
1703 1229 1917 1305 dignos

229 1308 381 1364 viros
414 1307 801 1385 acceperimus
843 1308 1089 1365 multum
1125 1326 1249 1365 esse
1278 1315 1545 1379 versatoS,
1576 1309 1761 1386 magis
1794 1329 1916 1366 mo·

231 1407 478 1459 veamur,
511 1406 680 1466 quam
717 1388 767 1444 si
813 1388 1044 1465 quando
1072 1407 1270 1445 eorum
1314 1388 1570 1464 ipsorum
1614 1396 1716 1446 aut
1755 1390 1918 1447 faeta

229 1467 531 1526 audiamus
584 1475 685 1525 aut
738 1468 1014 1546 scriptum
1071 1467 1308 1543 aliquod
1360 1467 1654 1544 legamus?
1733 1468 1917 1528 Velut

230 1568 339 1625 ego
387 1568 540 1606 nunc
588 1567 839 1606 moveor.
924 1547 1106 1607 Venit
1155 1547 1306 1605 enim
1363 1548 1509 1605 mihi
1557 1547 1820 1607 Platonis
1851 1549 1915 1606 in

230 1638 501 1701 mentem,
528 1648 698 1707 quem
733 1629 1056 1705 accepimus
1085 1628 1337 1704 primum
1372 1627 1468 1686 hic
1501 1628 1794 1706 disputare
1829 1649 1918 1686 so·

230 1708 434 1781 litum;
470 1710 633 1768 cuius
654 1710 826 1767 etiam
857 1708 940 1766 illi
968 1709 1280 1786 propinqui
1311 1708 1523 1766 hortuli
1554 1727 1669 1766 non
1701 1728 1917 1767 memo-

230 1789 374 1847 riam
418 1790 603 1848 solum
659 1789 803 1846 mihi
851 1790 1116 1857 afferunt,
1148 1788 1249 1846 sed
1297 1790 1486 1866 ipsum
1537 1788 1808 1848 videntur
1853 1790 1917 1847 in

231 1878 541 1948 conspectu
576 1889 706 1927 meo
735 1888 966 1947 ponere.
1052 1868 1169 1926 Hie
1203 1868 1575 1947 SpeusippuS,
1600 1868 1694 1928 hic
1724 1870 1919 1927 Xeno?

232 1956 429 2021 crates,
450 1951 545 2009 hic
566 1951 689 2007 eius
715 1950 945 2008 auditor
965 1948 1209 2007 Polemo
1228 1967 1243 2020 3
1279 1949 1441 2008 cuius
1468 1948 1566 2006 illa
1590 1949 1718 2026 ipsa
1738 1951 1916 2008 sessio

231 2028 364 2100 fuit,
396 2049 569 2107 quam
613 2030 886 2088 videmus.
988 2028 1272 2107 Equidem
1324 2030 1500 2088 etiam
1547 2030 1764 2088 curiam
1815 2049 1918 2088 no-

232 2117 407 2165 stram
433 2105 773 2183 (Hostiliam
800 2111 950 2181 dico,
974 2128 1090 2166 non
1128 2109 1273 2168 hanc
1303 2128 1527 2180 novam,
1553 2129 1698 2187 quae
1724 2110 1919 2169 minor

233 2188 379 2246 mihi
420 2208 541 2246 esse
582 2188 824 2260 videtur,
856 2197 1231 2268 posteaquam
1278 2198 1364 2248 est
1408 2187 1615 2264 maior)
1661 2190 1914 2248 solebam

233 2269 463 2327 intuens
491 2268 839 2347 Scipionem,
865 2271 1166 2341 Catonem,
1191 2269 1464 2340 Laelium,
1485 2277 1744 2329 nostrum
1781 2290 1916 2329 vero

234 2349 295 2407 in
346 2349 547 2427 primis
600 2369 770 2408 avum
826 2352 1115 2428 cogitat-<23
1159 2358 1321 2408 tanta
1369 2351 1454 2407 vis
1501 2350 1918 2410 admonitionis

233 2430 385 2488 inest
415 2431 473 2488 in
509 2430 684 2502 locis;
727 2437 792 2489 ut
830 2450 946 2488 non
997 2431 1120 2487 sine
1158 2449 1328 2488 causa
1366 2450 1436 2488 ex
1486 2430 1557 2487 iis
1604 2431 1954 2489 memoriae.

234 2510 409 2568 dueta
449 2511 526 2569 sit
565 2510 882 2587 disciplina.
970 2517 1023 2567 3.
1068 2509 1216 2567 Tum
1262 2509 1542 2579 Quintus:
1585 2510 1693 2569 Est
1726 2511 1915 2588 plane,
1953 2543 1962 2556 ·

234 2589 391 2661 Piso,
423 2599 491 2649 ut
533 2591 692 2662 dicis,
723 2591 928 2669 inquit.
1015 2589 1166 2647 Nam
1213 2610 1307 2648 me
1350 2591 1539 2668 ipsum
1590 2589 1704 2649 huc
1738 2591 1917 2649 modo

236 2671 557 2729 venientem
597 2670 966 2729 convertebat
999 2670 1074 2727 ad
1122 2690 1243 2729 sese
1278 2671 1566 2729 Coloneus
1608 2671 1703 2729 ille
1736 2670 1916 2743 locus,

233 2751 398 2807 cuius
440 2751 630 2809 incola
666 2750 983 2827 Sophocles
1024 2749 1099 2807 ob
1142 2750 1340 2809 oculos
1368 2750 1712 2820 versabatur,
1744 2771 1916 2829 quem

235 2829 346 2884 scis
379 2848 550 2906 quam
592 2830 840 2887 admirer
880 2840 1169 2908 quamque
1198 2850 1268 2888 eo
1310 2830 1572 2889 delecter.
1657 2830 1754 2889 Me
1796 2833 1920 2909 qui-

235 2906 364 2963 dem
397 2908 469 2963 ad
497 2908 754 2966 altiorem
788 2910 1122 2967 memoriam
1153 2909 1473 2987 Oedipodis
1502 2911 1613 2970 huc
1636 2912 1921 2970 venientis

236 2990 295 3039 et
321 2984 421 3040 illo
445 2987 782 3044 mollissimo
803 2989 1071 3060 carmine,
1097 3008 1376 3065 quaenam
1409 2999 1597 3049 essent
1628 2990 1766 3050 haec
1795 2992 1924 3068 ipsa

233 3060 376 3130 loca,
401 3065 738 3139 requirentis
766 3067 983 3143 species
1004 3067 1285 3144 quaedam
1315 3072 1647 3140 commovit,
1674 3072 1923 3131 inaniter

236 3138 466 3208 scilicet,
507 3142 605 3202 sed
654 3146 970 3201 commovit
1017 3154 1227 3203 tamen.
1313 3148 1461 3206 Tum
1520 3149 1917 3228 Pomponius:
