2259 3467
814 125 1069 194 L113.V.,
1100 130 1257 182 CAP.
1286 132 1404 193 IX„
1435 132 1501 181 X.
1916 137 2013 186 157

316 233 560 293 infixum
580 234 642 291 in
663 233 790 311 ipsa
810 241 1029 307 natura,
1052 233 1668 311 comprehenditurque
1690 235 1807 292 suis
1830 236 2012 295 cuius-

311 335 430 392 que
464 314 740 386 sensibUS,
764 315 862 387 sic,
888 321 970 386 ut,
1003 322 1206 372 contra
1238 315 1287 372 si
1321 315 1450 392 quis
1483 316 1671 373 dicere
1706 316 1860 388 velit,
1892 336 2009 376 non

315 393 626 472 audiatur),
657 402 868 464 tamen,
902 414 974 453 ne
1010 395 1152 473 quid
1185 395 1726 472 praetermittamus»,
1758 397 2010 456 rationes

319 495 566 553 quoque,
598 475 842 534 cur-hoc
882 476 966 533 ita
1006 476 1097 547 sit,
1136 475 1452 533 afferendas
1492 484 1654 551 puto.
1743 482 1836 535 28.
1883 477 2011 536 Etsi

315 556 417 633 qui
446 562 639 634 potest
665 555 922 633 intellegi
950 563 1052 613 aut
1078 556 1337 632 cogitari,
1362 576 1482 614 csse
1512 556 1746 634 aliquod
1776 557 2005 631 animal,

315 637 473 713 quod
518 656 577 694 se
622 636 844 694 oderit?
926 635 1040 693 Res
1066 637 1243 694 -enim
1289 646 1630 695 concurrent
1672 638 2004 696 contrariae.

314 716 468 774 Nam
501 736 632 774 cum
667 717 959 793 appetitus
991 716 1086 774 ille
1121 716 1302 773 animi
1336 716 1555 793 aliquid
1589 717 1663 773 ad
1696 736 1755 774 se
1784 718 2008 776 trahere

314 797 570 874 coeperit
599 796 877 869 consult0‚
903 796 1061 873 quod
1091 796 1202 853 sibi
1224 795 1394 868 obsit,
1421 796 1555 874 quia
1584 798 1658 854 sit
1680 796 1788 853 sibi
1819 797 2009 855 inimi-

313 897 431 947 cuS,
462 897 594 935 cum
637 877 699 934 id
742 896 844 933 sua
876 896 1046 934 causa
1087 876 1280 948 faciet,
1312 884 1370 934 et
1413 876 1601 934 oderit
1643 896 1702 934 se
1744 882 1802 935 et
1837 878 2005 936 simul

313 956 536 1035 diliget,
574 957 732 1035 quod
776 955 898 1014 fieri
953 976 1070 1014 non
1119 962 1328 1035 potest.
1415 956 1773 1035 Necesseque
1818 963 1920 1030 est,
1958 958 2008 1015 si
2070 992 2073 996 ,

314 1038 444 1115 quis
493 1038 616 1115 ipse
644 1036 755 1094 sibi
809 1037 1079 1095 inimicus
1135 1043 1238 1109 est,
1269 1056 1419 1107 enm,
1458 1056 1602 1113 quae
1651 1036 1804 1095 bona
1852 1045 2004 1111 sunt,

311 1118 463 1176 mala
496 1124 713 1195 putare,
746 1117 899 1174 bona
931 1124 1148 1189 contra,
1181 1136 1325 1195 quae
1358 1117 1524 1188 mala,
1556 1124 1631 1189 et,
1664 1137 1808 1195 quae
1836 1137 2006 1195 appe-

310 1198 505 1270 tenda,
529 1198 729 1276 fugere
757 1205 832 1270 et,
857 1217 1002 1275 quae
1031 1198 1325 1275 fugienda,
1356 1204 1659 1275 appetere3
1705 1218 1849 1276 quae
1883 1199 2005 1257 sine

311 1279 491 1337 dubio
532 1279 683 1336 vitae
732 1284 820 1336 est
864 1278 1096 1336 eversio,
1183 1278 1386 1355 Neque
1435 1278 1608 1349 enim,
1645 1278 1694 1336 si
1742 1279 2006 1338 nonnulli

309 1359 687 1437 reperiuntur,
715 1359 814 1436 qui
843 1364 942 1415 aut
970 1358 1207 1435 laqueos
1239 1364 1339 1415 aut
1367 1358 1477 1415 alia
1504 1359 1682 1416 exitia
1711 1367 2001 1436 quaerant,

309 1433 455 1513 aut[,
482 1437 571 1516 ut]
609 1439 703 1497 ille
745 1438 899 1516 apud
931 1438 1286 1510 Terentium,
1318 1438 1418 1515 qui
1449 1438 1689 1495 decrevit
1731 1440 2005 1512 tantisper

309 1539 366 1577 se
399 1521 594 1576 minus
626 1519 876 1575 iniuriae
909 1537 1012 1575 suo
1039 1526 1177 1574 nato
1194 1518 1390 1592 facere
1425 1514 1518 1592 (ut
1550 1518 1634 1576 ait
1662 1516 1829 1595 ipse),
1859 1518 2002 1575 dum

313 1601 438 1675 fiat
457 1600 642 1670 miser,
667 1599 936 1657 inimicus
964 1599 1086 1676 ipse
1115 1598 1226 1656 sibi
1256 1598 1547 1674 putandus
1569 1605 1670 1656 est.
1757 1604 1850 1658 29.
1889 1598 2002 1656 Sed

309 1680 408 1737 alii
431 1679 628 1737 dolore
651 1686 969 1750 moventur,
994 1679 1092 1736 alii
1114 1679 1432 1755 cupiditate
1452 1696 1466 1749 3
1509 1678 1806 1736 iracundia
1828 1678 2002 1736 etiam

307 1760 481 1818 multi
529 1760 844 1818 efferuntur
891 1764 965 1831 et,
997 1778 1129 1817 cum
1172 1760 1233 1815 in
1275 1757 1426 1815 mala
1473 1758 1715 1816 scientes
1761 1759 2000 1831 irruunt,

306 1847 436 1898 tum
481 1859 539 1897 se
582 1840 802 1917 optime
844 1838 955 1918 sibi
1004 1838 1299 1897 consulere
1348 1838 1711 1897 arbitrantur.
1800 1838 2003 1917 Itaque

308 1921 512 1979 dicunt
539 1939 643 1977 nec
674 1919 975 1979 dubitant:

506 2034 636 2083 Mihi
663 2034 736 2083 sic
764 2041 839 2096 est
868 2049 1014 2095 usus3
1054 2032 1146 2081 tibi
1174 2041 1228 2083 ut
1253 2048 1376 2097 opus
1405 2041 1480 2083 est
1504 2032 1651 2096 facto,
1675 2033 1801 2083 face.

309 2146 424 2216 Qui
454 2146 565 2224 ipsi
594 2146 703 2203 sibi
738 2145 952 2203 bellum
987 2144 1346 2216 indixissent,
1372 2146 1610 2204 cruciari
1638 2146 1777 2219 dies,
1804 2153 2004 2205 noctes

307 2226 564 2305 torqueri
586 2224 812 2298 vellent,
838 2244 943 2283 nee
964 2244 1098 2282 vero
1121 2245 1244 2283 sese
1273 2225 1385 2303 ipsi
1413 2233 1742 2284 accusarent
1771 2226 1847 2284 ob
1876 2246 2003 2285 eam

308 2326 556 2378 eausam,
588 2307 745 2384 quod
791 2325 850 2363 se
897 2305 1046 2363 male
1092 2306 1207 2362 suis
1255 2306 1423 2363 rebus
1464 2307 1814 2364 consuluisse
1856 2307 2005 2364 dice-

307 2393 472 2458 rent3
516 2405 714 2444 eorum
743 2387 898 2443 enim
928 2392 1017 2443 est
1035 2385 1176 2442 haec
1200 2384 1444 2461 querela,
1465 2385 1565 2464 qui
1594 2386 1703 2442 sibi
1731 2385 1846 2443 cari
1869 2393 2003 2443 sunt

309 2486 546 2544 seseque
587 2466 853 2543 diligunt.
955 2463 1161 2535 Quare,
1208 2466 1725 2542 quotienscumque
1780 2465 2005 2523 dicetur

308 2547 458 2604 male
494 2546 622 2623 quis
655 2547 729 2603 de
770 2566 830 2604 se
870 2545 1075 2602 mereri
1117 2544 1342 2622 sibique
1375 2544 1642 2602 inimicus
1676 2563 1796 2601 esse
1830 2550 2002 2621 atque

308 2627 511 2698 bestisi,
542 2626 721 2684 vitam
778 2625 1026 2702 denique
1081 2625 1301 2701 fugere,
1338 2623 1719 2701 intellegatur,
1751 2623 2001 2701 aliquam

309 2699 540 2765 subesse
568 2706 853 2764 eiusmodi
881 2723 1126 2775 causam,
1150 2712 1215 2762 ut
1236 2723 1305 2762 ex
1334 2723 1403 2762 eo
1433 2704 1558 2781 ipso
1587 2703 1845 2780 intellegi
1874 2724 2002 2782 pos-

310 2787 402 2859 sit,
428 2786 539 2844 sibi
568 2804 854 2863 quemque
883 2804 1004 2842 essc
1033 2787 1244 2843 carum.
1334 2790 1426 2841 30.
1465 2783 1523 2840 N
1524 2802 1588 2842 ec
1609 2803 1744 2841 vero
1773 2784 1836 2841 id
1864 2785 2003 2842 satis

309 2873 413 2939 est,
442 2867 729 2924 neminem
764 2884 900 2936 esse,
928 2864 1028 2941 qui
1061 2864 1184 2941 ipse
1218 2884 1278 2922 se
1313 2863 1515 2936 oderit,
1550 2864 1651 2922 sed
1683 2864 1828 2922 illud
1861 2883 2003 2941 quo-

310 2966 422 3025 que
457 2945 909 3022 intellegendum
944 2944 1362 3014 estfneminem
1398 2963 1535 3016 esse,
1562 2944 1679 3020 qui,
1708 2944 2000 3021 quomodo

309 3047 369 3085 se
390 3026 618 3097 habeat,
642 3025 787 3082 nihil
811 3043 912 3082 sua
939 3030 1167 3081 censeat
1188 3023 1473 3081 interesse.
1558 3022 1819 3081 Tolletur
1846 3023 2002 3081 enim

307 3106 604 3185 appetitus
637 3105 831 3174 animi,
858 3104 921 3173 si,
955 3110 1020 3160 ut
1059 3103 1119 3158 in
1163 3102 1234 3158 iis
1275 3102 1459 3173 rebus,
1490 3101 1641 3160 inter
1673 3122 1814 3180 quas
1855 3102 1999 3160 nihil

308 3189 564 3256 interest,
595 3190 857 3243 neutram
920 3184 979 3239 in
1041 3189 1264 3258 partem
1325 3183 1724 3258 propensiores
1785 3203 1997 3254 sumne,
