2259 3467
193 136 288 185 144
358 135 459 184 DE
492 135 783 185 FINIBUS
816 134 1170 185 BONORUM
1200 135 1293 183 ΕΤ
1326 132 1705 186 MALORUM.

192 235 259 284 ris
283 243 369 282 aut
391 234 552 297 prima
575 243 778 283 naturae
799 234 1202 294 adiungerentur.
1265 232 1435 297 Atque
1458 233 1580 283 haec
1603 241 1869 297 postrema,

193 315 322 365 quae
361 301 778 348 Academicorum
819 310 871 348 et
909 299 1353 362 Peripateticorum
1395 307 1484 358 est,
1519 300 1695 348 ceteris
1729 300 1879 347 facile

193 366 412 425 semoti3‚
435 380 560 428 quae
583 375 747 414 tamen
777 364 1044 427 disputatio
1078 365 1174 414 hoc
1207 365 1318 413 loco
1343 364 1528 426 exponi
1557 364 1743 427 nequit,
1772 365 1877 412 sola

193 440 432 490 remanet,
452 446 610 494 eaque
632 430 882 494 quomodo
903 430 1092 478 oriatur
1113 440 1163 478 et
1183 430 1515 489 confirmetur,
1534 430 1766 492 deinceps
1788 445 1877 479 ex-

193 496 476 559 plicandum
503 506 578 544 est
595 495 656 557 (c.
680 496 745 557 8).
809 495 972 544 Omne
995 495 1181 543 animal
1208 510 1260 543 se
1288 496 1448 557 ipsum
1473 495 1634 555 diligit
1655 504 1707 543 et
1729 510 1878 558 appe-
1924 541 1931 546 .

195 563 256 610 tit
279 569 482 610 naturae
503 561 894 610 accommodata.
968 562 1051 610 Ita
1077 560 1191 609 finis
1218 560 1406 620 existit,
1430 560 1701 608 secundum
1729 571 1875 608 natu-

193 642 302 675 ram
329 626 509 687 vivere,
536 627 607 674 sic
637 626 886 685 affectum,
917 635 972 674 ut
1004 627 1194 688 optime
1222 625 1350 673 affici
1388 625 1556 688 possit.
1628 625 1727 675 Sed
1760 640 1875 673 cum

193 693 292 740 alia
321 692 386 739 sit
410 692 620 739 aliorum
654 692 944 740 animalium
977 701 1169 751 natura,
1194 690 1381 738 homini
1410 706 1656 739 summum
1691 690 1877 747 bonum

194 767 270 806 est
293 757 453 806 vivere
475 772 540 805 ex
563 757 776 805 hominis
803 766 981 805 natura
1006 756 1221 818 undique
1248 755 1468 817 perfecta
1492 764 1543 804 et
1569 756 1691 804 nihil
1717 755 1884 818 requi-‚

195 832 334 871 rente
357 822 424 883 (c.
445 822 516 882 9).
589 823 774 871 Omnes
808 831 975 870 autem
1010 836 1063 870 se
1089 821 1310 881 diligere,
1327 822 1479 869 etiam
1508 821 1590 883 qui
1628 835 1681 869 se
1713 820 1878 869 odisse

196 897 443 951 putentur,
464 888 607 935 facile
630 887 956 947 intellegitur3
988 902 1105 934 nam
1128 887 1241 949 ipsa
1259 887 1350 934 sibi
1374 886 1613 934 irascendi
1639 901 1789 934 causa
1811 900 1878 934 ex

196 954 269 1002 sui
299 954 505 1002 caritate
537 954 757 1001 nascitur
782 953 848 1014 (c.
873 953 970 1013 10).
1043 952 1151 1001 Nec
1178 968 1237 1001 ea
1264 951 1338 999 vis
1364 951 1601 1012 diligendi
1634 951 1699 999 ad
1726 952 1878 999 aliam

196 1019 479 1082 quampiam
504 1033 605 1067 rem
630 1019 855 1078 refertur,
875 1017 961 1066 sed
985 1017 1048 1065 ad
1072 1032 1125 1066 se
1151 1017 1342 1079 ipsum3
1383 1026 1570 1079 quanta
1596 1025 1759 1066 autem
1790 1016 1871 1077 sit,

195 1100 260 1133 ex
285 1084 458 1132 mortis
481 1083 659 1132 timore
680 1090 885 1146 apparet
903 1080 975 1145 (c.
997 1083 1100 1144 11).
1158 1083 1448 1131 Videndum
1468 1091 1543 1130 est
1565 1082 1731 1143 igitur,
1749 1096 1879 1145 quae
1900 1133 1904 1137 .

197 1151 261 1197 sit
289 1148 503 1197 hominis
530 1157 724 1198 natura.
797 1149 875 1196 Ea
900 1156 949 1196 et
986 1148 1036 1195 in
1062 1162 1268 1210 conpore
1297 1148 1478 1211 proprii
1513 1147 1701 1210 aliquid
1731 1147 1880 1196 habet

197 1215 266 1277 (c.
290 1213 391 1275 12),
411 1223 462 1262 et
485 1214 534 1262 in
558 1214 726 1261 animo
747 1214 952 1262 virtutes
974 1213 1182 1277 quaerit,
1203 1229 1413 1277 quarum
1437 1213 1564 1261 aliae
1586 1228 1684 1261 non
1708 1212 1881 1261 volun-

196 1280 353 1328 tariae
391 1289 519 1340 sunt,
555 1293 679 1341 quas
717 1279 960 1340 ingeniosi
996 1279 1196 1340 habent,
1228 1279 1355 1328 aliae
1392 1278 1712 1338 voluntariae,
1750 1291 1882 1340 quae

196 1345 262 1393 ad
299 1359 459 1392 mores
492 1345 753 1406 pertinent,
787 1359 998 1404 magnae
1031 1353 1083 1393 et
1111 1359 1271 1393 verae.
1338 1344 1585 1405 Quoniam
1620 1353 1786 1392 autem
1819 1358 1883 1391 ea

197 1410 419 1459 maxime
450 1409 729 1473 expetenda
762 1418 879 1458 sunt
905 1424 971 1458 ex
1003 1410 1201 1470 nostris,
1226 1424 1354 1472 quae
1386 1409 1651 1471 plurimum
1697 1409 1883 1457 habent

198 1475 470 1535 dignitatis,
493 1475 649 1523 animi
670 1476 821 1523 virtus
843 1475 1063 1538 corporis
1084 1476 1254 1524 virtuti
1277 1475 1606 1537 anteponitur,
1626 1473 1881 1536 animique

199 1543 402 1589 virtutes
427 1555 522 1589 non
547 1541 847 1589 voluntarias
869 1541 1072 1589 vincunt
1089 1540 1395 1592 voluntariae
1412 1537 1481 1602 (c.
1504 1538 1607 1600 13).
1679 1540 1811 1588 Nam
1832 1549 1884 1587 et

198 1607 248 1655 in
280 1606 447 1655 bestiis
474 1607 635 1655 simile
668 1606 854 1669 aliquid
880 1605 1076 1654 virtutis
1108 1606 1238 1654 inest
1263 1613 1315 1654 et
1341 1620 1514 1654 earum
1547 1619 1731 1667 rerum,
1754 1619 1885 1669 quae

199 1671 471 1732 gignuntur
495 1687 524 1721 e
553 1681 697 1730 terra,
716 1672 953 1734 perfectio
987 1671 1231 1733 quaedam
1260 1679 1336 1720 est
1370 1686 1466 1719 non
1497 1669 1749 1718 dissimilis
1774 1671 1885 1718 ani—

200 1737 476 1798 mantium;
516 1738 601 1786 sed
626 1738 666 1785 si
693 1737 759 1785 ad
788 1738 910 1785 haec
938 1738 1083 1796 ratio,
1107 1737 1266 1800 qualis
1292 1736 1345 1783 in
1377 1736 1577 1783 homine
1603 1744 1695 1796 est,
1717 1750 1885 1784 acces-

199 1804 336 1863 serit,
354 1818 416 1851 ea
442 1803 601 1865 primo
628 1803 737 1850 loco
763 1803 871 1863 erit,
894 1801 980 1850 illa
1002 1811 1184 1863 tamen,
1206 1816 1334 1865 quae
1356 1813 1505 1849 antea
1531 1810 1688 1861 erant,
1711 1815 1886 1849 mane-

202 1868 326 1916 bunt
352 1876 403 1917 et
431 1868 615 1917 tuenda
643 1877 804 1917 erunt.
875 1868 956 1916 Ita
983 1882 1233 1915 summum
1263 1866 1476 1915 hominis
1502 1866 1684 1914 bonum
1709 1881 1884 1914 cumu-

200 1933 330 1982 latur
365 1948 432 1982 ex
467 1933 752 1993 integritate
787 1932 1005 1995 corporis
1036 1941 1086 1980 et
1120 1947 1189 1980 ex
1225 1932 1405 1981 mentis
1441 1931 1630 1980 ratione
1656 1931 1887 1995 ‘perfecta

201 1998 266 2060 (c.
293 2000 390 2059 14).
464 1999 564 2048 Sed
591 1998 752 2062 prima
778 1998 864 2045 illa
883 1996 1271 2063 commendatio,
1293 2011 1421 2060 qnae
1456 2011 1487 2043 a
1522 2007 1700 2045 natura
1726 1997 1885 2045 nostri

200 2065 332 2112 facta
354 2072 431 2113 est
453 2064 609 2125 nobis,
628 2064 816 2111 incerta
842 2073 893 2111 et
916 2063 1125 2111 obscura
1147 2073 1249 2123 est3
1282 2062 1403 2125 quid
1427 2070 1603 2110 natura
1624 2062 1756 2123 velit,
1777 2077 1889 2111 seu-

201 2130 295 2177 sim
325 2128 542 2186 intellegi
568 2127 740 2190 incipit
764 2137 818 2176 et
840 2128 893 2176 ¹in
923 2129 1089 2190 pueris
1116 2127 1359 2177 scintillae
1382 2128 1620 2176 virtutum
1645 2133 1888 2190 apparent

203 2195 266 2257 (c.
288 2194 392 2256 15).
461 2193 888 2254 Progrediendum
927 2203 1005 2242 est
1044 2194 1240 2253 longius
1273 2201 1325 2241 et
1362 2193 1629 2241 ridendum
1668 2193 1880 2255 penitus,

203 2260 323 2323 quid
348 2267 525 2307 natura
545 2258 770 2322 postulet.
835 2259 1180 2321 Quoniamque
1202 2258 1356 2307 animi
1380 2258 1422 2305 is
1444 2259 1688 2320 appetitus
1706 2273 1739 2305 a
1756 2259 1889 2321 prin-

203 2326 333 2388 cipio
361 2324 469 2383 fuit,
489 2333 545 2373 ut
571 2339 749 2388 corpus
784 2325 1107 2387 animumque
1136 2339 1286 2387 quam
1319 2323 1675 2385 perfectissima
1708 2333 1890 2371 natura

203 2391 510 2451 haberemuS‚
529 2389 571 2438 si
598 2390 648 2438 id
676 2390 925 2438 consecuti
962 2404 1148 2451 sumus,
1172 2391 1222 2437 in
1254 2403 1315 2438 eo
1349 2388 1489 2452 quasi
1527 2389 1701 2437 ultimo
1727 2389 1889 2437 consi-

204 2457 364 2505 stitur.
430 2457 493 2505 In
526 2457 744 2518 corporis
775 2455 1050 2503 commodis
1080 2455 1207 2502 sitne
1236 2454 1481 2516 voluptas,
1510 2454 1631 2501 nihil
1660 2453 1725 2501 ad
1759 2454 1886 2502 banc

203 2522 543 2585 quaestionem
570 2521 637 2581 (c.
656 2520 760 2584 16).
837 2521 1092 2569 Hactenus
1125 2520 1369 2581 diputatio
1395 2520 1549 2568 ducta
1570 2527 1645 2567 est
1672 2534 1703 2567 a
1728 2519 1892 2581 prima

204 2586 632 2636 commendatione
658 2596 880 2647 naturae,
901 2600 1000 2649 qua
1035 2599 1124 2633 nos
1153 2585 1435 2645 diligimus3
1476 2584 1561 2633 sed
1588 2584 1740 2632 etiam
1770 2585 1893 2647 quia

205 2653 443 2716 cuiusque
465 2654 618 2714 partis
643 2660 849 2699 naturae
867 2653 983 2699 etin
1005 2665 1212 2712 corpore
1228 2660 1279 2698 et
1302 2650 1351 2697 in
1371 2650 1538 2698 animo
1556 2665 1647 2697 sua
1664 2664 1892 2712 quaeque

206 2718 280 2765 vis
306 2727 395 2777 est,
419 2718 604 2765 idcirco
638 2717 690 2764 in
724 2717 785 2764 iis
821 2726 991 2764 nostra
1017 2724 1192 2777 sponte
1227 2730 1499 2763 moremur.
1574 2715 1642 2762 Et
1675 2715 1889 2776 primum

206 2783 424 2843 corporis
450 2791 500 2830 et
526 2790 713 2830 statum
740 2782 987 2843 quendam
1012 2792 1063 2829 et
1090 2790 1281 2828 motum
1308 2789 1360 2828 et
1392 2780 1604 2839 figuram
1630 2788 1681 2827 et
1709 2780 1892 2827 bonam

206 2846 540 2894 valetudinem
581 2846 861 2907 expetimus
904 2846 1012 2907 ipsa
1051 2854 1253 2907 propter
1293 2860 1363 2905 se,
1395 2845 1528 2907 quod
1569 2844 1667 2892 tale
1711 2858 1894 2907 corpus

208 2910 429 2957 maxime
461 2924 490 2957 e
523 2920 699 2958 natura
739 2919 816 2958 est
843 2909 904 2971 (c.
924 2909 1024 2971 17).
1099 2910 1162 2958 In
1202 2909 1371 2958 animo
1407 2919 1573 2957 autem
1609 2909 1808 2957 excellit
1839 2917 1894 2958 et

208 2972 377 3019 multis
399 2973 559 3020 modis
580 2988 692 3020 cum
716 2974 766 3020 in
792 2974 968 3035 pueris,
993 2984 1098 3022 tum
1127 2974 1178 3021 in
1203 2975 1319 3021 viris
1341 2974 1527 3022 eminet
1550 2974 1785 3023 scientiae
1806 2989 1894 3023 cu·-

209 3036 404 3096 piditas‚
425 3051 552 3096 quae
578 3038 743 3084 satiari
772 3040 944 3101 nequit
970 3038 1036 3100 (c.
1067 3040 1142 3097 18,
1169 3038 1266 3098 19).
1341 3039 1472 3086 Huic
1499 3040 1789 3087 adiunctum
1818 3044 1894 3087 est

210 3097 426 3171 studium
446 3114 639 3160 semper
660 3100 851 3162 ‚aliquid
878 3102 1073 3163 agendi,
1093 3116 1194 3164 quo
1217 3102 1441 3150 homines
1464 3103 1662 3165 impulsi
1684 3112 1774 3152 aut
1798 3104 1893 3165 pri-

210 3170 336 3210 vatis
357 3164 566 3221 negotiis
593 3174 896 3226 occupantur
915 3176 1001 3215 aut
1024 3181 1126 3215 rem
1155 3167 1405 3229 publicam
1434 3176 1698 3231 capessunt
1724 3177 1813 3218 aut
1839 3169 1895 3218 in

157 3367 217 3415 h„
