2259 3467
881 472 1119 531 LIBER
1174 472 1553 542 QUINTUS.

874 721 1557 772 ARGUMENTUM.

437 822 498 871 In
523 821 775 884 prooemio
798 822 909 870 libri
928 822 1105 871 Cicero
1128 830 1313 882 narrat,
1336 837 1449 870 cum
1473 822 1578 884 ipse
1595 830 1645 869 et
1660 821 1721 881 Q.
1743 820 1895 869 frater
1913 828 1961 868 et
1981 820 2053 869 M.

372 888 564 950 Pupius
602 887 723 936 Piso
757 897 808 935 et
835 888 898 937 T.
926 888 1234 951 Pomponius
1270 888 1467 936 Atticus
1507 896 1557 935 et
1595 888 1655 935 L.
1686 887 1879 946 Cicero,
1910 886 2062 934 frater

372 953 527 1016 ipsius
563 953 815 1016 patruelis,
839 953 1052 1001 Athenis
1087 953 1393 1001 Antiochum
1430 952 1735 1001 audivissent
1761 961 1811 999 et
1840 951 2057 999 ambula-

374 1019 561 1084 tionem
602 1018 1036 1081 postmeridianam
1080 1019 1132 1067 iu
1172 1019 1449 1066 Academia
1488 1018 1804 1077 conficerent,
1832 1016 2067 1065 sermone

375 1084 524 1132 ducto
548 1085 760 1147 primum
785 1100 815 1131 a
839 1083 1282 1142 commemoranda
1301 1085 1348 1131 vi
1372 1084 1591 1132 locorum
1621 1083 1685 1130 ad
1714 1082 1959 1130 clarorum
1990 1082 2060 1128 vi-

375 1164 540 1197 rorum
583 1150 874 1197 memoriam
911 1150 960 1197 in
1001 1149 1183 1198 animis
1213 1150 1567 1210 renovandam,
1598 1147 1900 1196 mentionem
1939 1147 2061 1195 inci-

376 1215 506 1262 disse
538 1215 718 1262 veteris
749 1224 799 1262 et
835 1215 1118 1263 recentioris
1160 1214 1578 1264 Academicorum
1619 1213 1922 1276 disciplinae,
1946 1228 2059 1260 cum

374 1280 498 1329 Piso
519 1281 579 1327 L.
604 1280 894 1329 Ciceronem
923 1280 986 1327 ad
1010 1292 1240 1340 veterem,
1260 1282 1309 1328 in
1335 1296 1435 1343 qua
1462 1280 1614 1328 etiam
1641 1278 1960 1340 Peripatetici
1988 1294 2062 1327 es-

376 1355 500 1402 sent,
518 1345 908 1408 persequendam
933 1345 1224 1394 hortaretur.
1280 1346 1414 1394 Tum
1440 1354 1667 1405 rogatum
1687 1360 1717 1391 a
1735 1359 1787 1392 se
1804 1344 2055 1403 Pisonem,

377 1420 431 1458 ut
458 1411 637 1459 veteris
661 1410 966 1460 Academiae
988 1420 1038 1460 et
1064 1412 1508 1473 Peripateticorum
1538 1410 1831 1458 seutentiam
1860 1409 1924 1457 de
1952 1409 2060 1456 flui-

376 1477 469 1523 bus
499 1477 735 1524 bouorum
761 1477 1045 1539 explicaret,
1071 1476 1353 1524 huiusmodi
1387 1477 1662 1524 orationem
1690 1489 1799 1522 esse
1826 1489 2059 1522 exorsum

377 1541 442 1601 (c.
475 1541 619 1602 1—3):
661 1541 1101 1603 Peripateticorum
1143 1541 1400 1603 disciplina
1436 1541 1484 1588 iu
1523 1551 1622 1588 tres
1658 1550 1836 1601 partes,
1867 1548 1921 1586 ut
1960 1539 2062 1587 fere

375 1616 585 1667 ceterae,
623 1606 874 1667 dividitur,
908 1603 1181 1670 physicam,
1222 1606 1549 1665 dialecticam,
1590 1605 1822 1652 ethicam.
1921 1604 2062 1651 Haec

376 1673 524 1720 tertia
546 1687 660 1734 pars
682 1673 746 1720 ab
770 1672 865 1720 illis
891 1688 988 1721 non
1017 1672 1177 1720 solum
1208 1671 1271 1719 ad
1299 1672 1518 1733 privatae
1542 1671 1672 1717 vitae
1700 1670 1954 1726 rationem,
1973 1669 2062 1717 sed

375 1738 526 1786 etiam
544 1737 607 1785 ad
631 1753 795 1786 rerum
820 1737 1124 1801 publicarum
1152 1737 1416 1785 rectionem
1444 1736 1597 1784 relata
1613 1745 1687 1783 est
1711 1745 1760 1781 et
1784 1735 1846 1781 ab
1866 1735 2062 1782 Aristo-

376 1803 473 1851 tele
495 1811 546 1851 et
569 1803 912 1865 Theophrasto
935 1804 1133 1865 copiose
1156 1802 1404 1863 explicata
1430 1800 1495 1863 (c.
1515 1799 1589 1861 4).
1665 1800 1736 1848 Hi
1761 1799 1823 1847 de
1851 1799 1950 1847 fine
1979 1800 2062 1847 bo-

376 1883 554 1916 norum
575 1869 638 1932 ‚in
680 1869 787 1931 ipsa
825 1884 1021 1917 summa
1054 1870 1162 1916 sine
1197 1868 1296 1915 ulla
1335 1867 1569 1915 varietate
1604 1866 1731 1914 inter
1764 1880 1817 1913 se
1855 1880 2057 1913 cousen-

376 1935 537 1995 tiunt;
570 1933 656 1981 sed
679 1934 808 1982 sitne
836 1935 979 1982 beata
1006 1934 1108 1981 vita
1131 1942 1239 1981 tota
1265 1933 1360 1981 sita
1385 1933 1434 1981 in
1464 1940 1707 1995 potestate
1735 1930 1986 1993 sapientis»,
2008 1932 2061 1978 in

376 2014 437 2047 eo
472 1999 650 2047 variari
680 1999 809 2047 inter
835 2015 920 2047 eos
957 2014 1330 2062 nonnumquam
1366 1997 1573 2060 videtur,
1604 1997 1826 2045 maxime
1866 2008 2063 2058 propter

375 2064 707 2127 Theophrasti
733 2065 911 2113 librum
946 2064 1009 2113 de
1045 2066 1188 2112 beata
1215 2064 1333 2122 vita,
1357 2063 1408 2111 in
1446 2078 1546 2126 quo
1583 2063 1796 2114 multum
1834 2063 2064 2111 fortunae

376 2130 539 2179 datur.
611 2130 790 2192 Itaque
814 2130 1053 2178 tenendus
1081 2142 1157 2178 est
1191 2130 1412 2178 maxime
1439 2130 1543 2192 ipse
1567 2128 1858 2177 Aristoteles
1881 2137 1933 2176 et
1955 2127 2059 2176 eius

376 2195 466 2243 filii
503 2195 799 2243 Nicomachi
841 2195 952 2244 libri
990 2196 1053 2243 ‹le
1087 2196 1324 2256 moribus,
1351 2194 1659 2243 adhibendus
1698 2206 1862 2242 tamen
1900 2194 2063 2242 Theo-

376 2261 633 2323 phrastus3
668 2276 785 2308 nam
810 2260 959 2308 ceteri
982 2261 1287 2323 aliquantum
1312 2260 1636 2309 deflexerunt.
1701 2260 1943 2308 Veterum
1967 2274 2056 2306 au-

377 2336 477 2374 tem
520 2327 817 2374 sententiam
851 2326 1131 2373 Antiochus
1165 2326 1539 2385 diligentissime
1574 2326 1881 2388 persequitur
1903 2324 1962 2386 (c.
1989 2325 2055 2383 5).

376 2392 457 2440 De
479 2406 676 2439 summo
698 2392 846 2452 bono,
869 2406 966 2454 qno
988 2391 1261 2439 constituto
1282 2391 1333 2438 in
1359 2390 1666 2453 philosophia
1688 2391 1859 2438 omnia
1882 2390 2063 2437 consti-

378 2466 485 2505 tuta
503 2466 632 2514 sunt,
652 2457 887 2519 quoniam
913 2471 1094 2516 magna
1116 2455 1356 2504 dissensio
1378 2466 1472 2515 est,
1493 2455 1776 2503 adhibenda.
1797 2463 1872 2502 est
1889 2454 2065 2503 divisio

378 2522 668 2582 Carneadis,
689 2522 790 2585 qui,
815 2530 934 2584 quot
962 2522 1172 2569 fuissent
1194 2530 1245 2570 et
1268 2529 1392 2584 quot
1418 2535 1526 2569 csse
1551 2520 1757 2568 omnino
1780 2528 1979 2582 possent
2002 2519 2066 2568 de

378 2602 573 2635 summo
608 2587 739 2635 bono
770 2587 1057 2648 sententiae,
1091 2585 1231 2635 vidit.
1302 2585 1365 2635 Id
1404 2586 1554 2645 enim,
1586 2584 1716 2648 quod
1753 2600 1834 2632 ars
1871 2584 2066 2632 vivendi

377 2651 574 2715 assequi
598 2652 717 2712 vult,
740 2661 910 2715 aptum
941 2661 992 2699 et
1014 2650 1447 2700 accommodatum
1477 2661 1683 2698 naturae
1711 2665 1818 2698 esse
1840 2649 1986 2698 debet
2014 2658 2065 2697 et

380 2718 493 2777 tale,
523 2725 577 2765 ut
616 2716 778 2778 ipsum
814 2731 900 2780 per
934 2731 987 2765 se
1020 2718 1293 2779 appetitum
1333 2715 1488 2764 animi
1527 2716 1726 2764 alliciat.
1800 2715 2067 2775 Quaeritur

378 2781 544 2842 igitur,
568 2781 687 2844 quid
716 2783 767 2831 id
794 2784 858 2830 sit
882 2782 949 2842 (c.
974 2781 1045 2843 6).
1117 2783 1339 2830 Naturae
1361 2782 1610 2844 appetitus
1637 2780 1951 2843 amplectitur
1976 2789 2065 2827 aut

378 2848 683 2910 voluptatem
707 2856 792 2895 aut
815 2847 1110 2896 vacuitatem
1140 2847 1324 2896 doloris
1350 2857 1436 2895 aut
1460 2862 1536 2905 ea,
1556 2861 1682 2908 qnae
1709 2847 1868 2908 prima
1893 2860 2067 2893 secun-

379 2912 499 2960 dum
537 2921 767 2960 naturam
807 2913 1155 2972 nominantur-3
1201 2921 1288 2960 aut
1325 2912 1479 2971 igitur
1515 2927 1665 2959 uuum
1706 2927 1772 2959 ex
1796 2911 1871 2958 his
1911 2911 2067 2959 tribus

377 2978 542 3039 ipsum
570 2993 820 3025 summum
848 2978 1032 3025 bonum
1059 2978 1228 3026 haberi
1252 2986 1415 3040 potest
1436 2986 1523 3025 aut
1545 2977 1707 3025 facere
1730 2976 1898 3024 onmia
1922 2976 2065 3023 unius

379 3057 443 3091 ex
473 3042 550 3090 his
579 3044 734 3091 tribus
758 3042 1062 3104 adipiscendi
1087 3057 1251 3098 causa,
1273 3052 1327 3090 ut
1349 3057 1441 3090 sex
1463 3043 1561 3089 sint
1584 3041 1828 3103 simplices
1852 3041 1914 3089 de
1936 3056 2067 3089 sum·

378 3123 464 3156 mo
501 3108 632 3155 bono
666 3107 939 3155 sententiae
966 3107 1034 3168 (c.
1061 3105 1129 3168 7).
1200 3107 1408 3155 Iunctae
1447 3116 1497 3154 et
1536 3106 1753 3168 duplices
1792 3107 2067 3154 sententiae

379 3181 480 3223 tres
501 3172 716 3234 fuerunt,
740 3187 857 3221 cum
879 3171 945 3220 ad
967 3172 1200 3221 virtutem
1223 3180 1310 3220 aut
1333 3171 1557 3235 voluptas
1580 3182 1669 3220 aut
1690 3170 1906 3220 vacuitas
1929 3170 2066 3218 dolo-
