2259 3467
293 120 360 167 32
459 118 559 167 DE
592 118 886 168 FINIBUS
919 117 1277 167 BONORUM
1309 116 1405 166 ΕΤ
1437 118 1814 167 MALORUM.

295 217 498 279 Epicuri
532 218 747 279 epistula
772 218 836 265 ad
868 217 1246 265 Hermarchum
1258 232 1493 279 apparere
1510 216 1577 278 (e.
1603 220 1683 276 29,
1710 217 1809 280 30).
1883 217 1991 267 Sed

296 294 352 332 ut
370 283 490 331 haec
507 283 715 345 epistula
739 282 990 331 laudanda
1012 283 1091 340 sit,
1113 283 1184 330 sie
1208 282 1587 344 improbandum
1613 283 1814 345 Epicuri
1836 290 1991 333 testa-

293 357 535 408 mentum,
558 348 607 395 iu
637 364 750 412 quo,
773 349 857 412 qui
884 347 1005 396 nihil
1034 320 1096 396 ud
1125 362 1425 411 quemquam
1460 358 1571 411 post
1598 359 1806 396 mortem
1834 350 1990 412 perti-

293 429 412 462 nere
447 414 687 474 statuerit,
718 424 886 462 tamen
921 413 1184 473 diligenter
1214 413 1278 462 de
1314 413 1554 462 memoria
1585 428 1678 462 sua
1703 423 1874 463 caveat
1907 416 1980 477 (e.

294 480 395 540 31).
481 480 844 528 Per-curruntur
881 478 1077 539 deinde,
1108 493 1239 542 quae
1278 494 1312 527 a
1348 480 1605 541 Torquato
1640 478 1705 528 de
1742 480 1989 530 memoria

294 544 603 608 voluptatum
626 545 759 594 dicta
780 553 923 593 erunt
945 545 1014 607 (c.
1035 543 1127 607 32)
1147 554 1198 592 et
1219 544 1283 592 de
1307 544 1463 592 animi
1490 543 1795 607 voluptatem
1821 553 1873 594 et
1895 546 1987 593 do-

296 611 452 658 lorum
483 626 512 660 e
544 625 748 673 corpore
786 610 978 671 origine
1003 619 1055 658 et
1088 609 1433 669 magnitudine
1454 608 1517 669 (c.
1544 612 1651 671 33).
1725 611 1988 659 Peroratio

295 676 407 724 libri
435 675 780 725 excellentiam
810 675 1058 724 humanae
1093 686 1304 723 naturae
1329 675 1598 737 praedicat,
1617 689 1683 723 ex
1711 690 1810 738 qua
1836 691 1987 739 appa-

295 750 414 801 reat,
444 756 535 790 nos
567 741 631 789 ad
666 741 844 789 altiora
869 750 920 788 et
946 740 1373 800 magnificentiora
1398 740 1640 802 quaedam
1676 750 1822 789 natos
1853 756 1979 802 esse,

294 807 547 869 voluptate
568 817 735 856 autem
754 806 1042 855 dominante
1059 821 1088 851 v
1092 806 1214 854 itum
1237 805 1474 878 confundi
1492 820 1762 869 omnesque
1780 807 1986 856 virtutes

294 872 454 921 iacere
482 887 680 921 neeesse
701 887 808 922 esse
831 872 900 934 (e.
927 872 1008 934 34,
1031 870 1138 931 35).

376 1009 422 1068 Ι.
512 1016 562 1068 1.
609 1010 723 1067 Hie
753 1029 883 1067 cum
906 1017 1147 1087 uterque
1176 1028 1267 1066 me
1297 1008 1617 1068 intueretur
1647 1028 1881 1088 seseque
1909 1009 1986 1067 ad

298 1090 647 1149 audiendum
692 1089 1078 1167 significarent
1125 1097 1373 1166 paratOS,
1411 1089 1741 1160 Primum,
1726 1108 1982 1167 mquam,

299 1171 591 1245 deprecor,
619 1189 688 1227 nc
710 1189 803 1227 me
824 1177 1120 1246 tamquam
1144 1169 1554 1247 philosophum
1587 1169 1803 1247 putetis
1823 1168 1987 1227 scho-

298 1251 412 1308 lam
460 1249 623 1306 vobis
666 1249 914 1327 aliquam
956 1249 1390 1327 explicaturum,
1423 1249 1580 1326 quod
1626 1268 1699 1307 ne
1743 1250 1803 1306 in
1842 1250 1986 1327 ipsis

300 1330 532 1409 quidem
564 1328 926 1407 philosophis
966 1348 1180 1421 magno
1209 1349 1381 1407 opere
1409 1348 1683 1407 umquam
1725 1328 1984 1405 probavi.

300 1410 546 1481 Quando
575 1409 727 1467 enim
763 1408 1040 1480 SocratcS,
1067 1409 1168 1486 qui
1195 1428 1399 1487 parens
1426 1408 1877 1487 philosophiae'
1862 1428 1985 1466 iure

299 1490 416 1550 dici
459 1497 666 1568 potest,
693 1489 1007 1567 quidquam
1049 1488 1163 1546 tale
1207 1489 1382 1547 fecit?
1462 1490 1677 1547 Eorum
1714 1497 1836 1547 erat
1875 1495 1987 1546 iste

299 1591 444 1642 moe,
476 1572 575 1648 qui
619 1578 747 1628 tum
796 1569 1087 1648 sophistae
1142 1569 1620 1641 nominabantur3
1664 1588 1910 1647 quorum
1954 1588 1987 1626 e

301 1670 540 1710 numero
570 1651 790 1729 primus
817 1658 905 1708 est
931 1669 1104 1708 ausus
1139 1647 1453 1707 Leontinus
1480 1649 1773 1726 Gorgias
1757 1669 1817 1706 ln
1854 1668 1988 1706 con-

299 1739 476 1791 ventu
506 1751 740 1809 poscere
769 1730 1181 1809 quaestionem,
1206 1728 1266 1786 id
1295 1737 1397 1800 est,
1420 1729 1616 1787 iubere
1644 1729 1847 1800 dicere,
1874 1749 1990 1806 qua

300 1812 373 1871 de
402 1832 461 1870 re
491 1812 620 1890 quis
643 1811 811 1870 vellet
837 1810 1049 1868 audire.
1120 1808 1332 1866 Audax
1366 1810 1699 1886 negotium3
1735 1809 1984 1867 dicerem

301 1893 624 1970 impudens,
649 1892 759 1950 nisi
792 1891 902 1950 hoc
936 1890 1266 1952 institutum
1305 1900 1507 1967 postea
1538 1890 1875 1947 translatum
1911 1889 1989 1946 ad

301 1980 529 2030 nostros
572 1971 952 2064 philosophos
993 1977 1156 2029 esset.
1244 1975 1296 2027 2.
1334 1969 1450 2027 Sed
1499 1977 1558 2028 et
1602 1970 1782 2041 illum,
1814 1989 1987 2046 quem

301 2052 613 2122 nominavi,
634 2059 692 2110 et
720 2058 939 2108 ceteros
972 2050 1275 2127 sophistaS,
1301 2057 1365 2107 ut
1392 2070 1424 2109 e
1451 2049 1696 2108 Platone
1731 2049 1989 2125 intellegi

302 2140 511 2210 potest,
546 2131 701 2189 lusos
749 2131 1010 2188 videmus
1053 2150 1088 2188 a
1130 2130 1379 2189 Socrate.
1465 2130 1523 2187 Is
1560 2130 1713 2188 enim
1755 2149 1993 2207 percon-

301 2213 480 2270 tando
510 2220 681 2289 atque
713 2211 1122 2288 interrogando
1152 2210 1353 2269 elicere
1386 2210 1605 2268 solebat
1638 2229 1835 2267 eorum
1867 2210 1992 2287 opi-

304 2293 520 2362 nioneS‚
553 2292 894 2369 quibuscum
941 2291 1269 2362 disserebat,
1301 2299 1366 2349 ut
1404 2292 1480 2348 ad
1521 2311 1602 2358 ea,
1636 2309 1780 2367 quae
1824 2290 1866 2347 ii
1907 2310 1994 2347 re·

303 2373 685 2451 spondissent‚
707 2372 753 2429 si
782 2372 923 2449 quid
943 2371 1247 2442 videretur,
1268 2371 1497 2429 diceret.
1571 2369 1684 2439 Qui
1706 2389 1834 2427 mos
1855 2389 1992 2428 cum

302 2473 338 2510 a
367 2452 778 2530 posterioribus
808 2472 924 2510 non
958 2460 1106 2510 esset
1133 2458 1406 2520 retentuS,
1430 2450 1713 2509 Arcesilas
1746 2469 1877 2508 eum
1908 2469 1994 2507 re-

304 2534 528 2591 vocavit
561 2532 941 2611 instituitque,
973 2540 1038 2590 ut
1070 2532 1129 2603 ii,
1157 2532 1254 2610 qui
1289 2550 1348 2589 se
1381 2531 1579 2588 audire
1614 2529 1838 2600 vellent,
1870 2549 1992 2587 non

303 2614 376 2672 de
421 2633 480 2671 se
530 2621 880 2690 quaererent,
915 2612 1017 2670 sed
1072 2611 1183 2689 ipsi
1228 2612 1500 2682 dicerent,
1538 2610 1637 2689 qui
1678 2610 1992 2681 sentirent,

304 2694 463 2772 quod
483 2712 614 2752 cum
643 2692 938 2764 dixissent,
960 2692 1056 2750 ille
1083 2698 1299 2750 contra.
1372 2691 1487 2749 Sed
1515 2711 1646 2748 eum
1671 2691 1771 2768 qui
1800 2691 1996 2748 audie-

303 2774 460 2845 bant,
482 2773 670 2852 quoad
699 2780 983 2851 poterant,
1007 2771 1397 2830 defendebant
1424 2771 1765 2829 sententiam
1797 2788 1991 2828 suam·
1977 2814 1994 2843 ,

304 2856 458 2933 apud
478 2862 695 2912 eeteros
711 2861 901 2912 autem
922 2852 1316 2930 philosophos,
1333 2852 1430 2929 qui
1452 2851 1735 2930 quaesivit
1752 2850 1992 2928 aliquid,

304 2943 492 3007 taeet;
529 2934 684 3012 quod
707 2933 984 3012 quidem
970 2952 1083 2990 iam
1105 2931 1172 2989 fit
1195 2932 1367 2990 etiam
1392 2933 1451 2988 in
1473 2931 1804 2990 Academia.
1869 2930 1998 2990 Ubi

306 3015 459 3072 enim
507 3015 573 3086 is,
613 3014 711 3091 qui
756 3013 952 3071 audire
981 3013 1119 3083 vult,
1159 3011 1241 3069 ita
1288 3011 1468 3069 dixit.
1511 3011 1801 3088 Voluptas
1846 3010 1997 3068 mihi

307 3095 535 3152 videtur
589 3113 708 3151 esse
763 3112 1050 3151 summum
1117 3091 1351 3160 bonum,
1395 3099 1671 3168 perpetua
1734 3091 1997 3149 oratione

308 3182 510 3232 contra
541 3174 882 3252 disputatur,
913 3180 978 3230 ut
1010 3171 1179 3229 facile
1220 3170 1478 3247 intellegi
1514 3170 1713 3248 possit,
1745 3190 1860 3244 eos,
1893 3170 1998 3248 qui
