2259 3467
824 99 963 149 LIB.
991 99 1119 161 111.,
1148 99 1307 150 CAP.
1331 99 1565 150 1X.··X1.
1727 152 1735 158 ,
1971 103 2039 150 95

347 209 557 262 ventur
574 200 617 280 3]
662 220 976 279 omnesque
1010 220 1108 259 eae
1144 208 1281 259 sunt
1312 220 1520 279 genere
1554 206 1843 279 quattuor,
1868 203 2043 278 parti·

344 285 457 343 bus
490 283 699 362 plures,
722 282 1041 360 aegritudO,
1066 282 1341 353 formido,
1366 281 1566 352 libide,
1593 301 1880 359 quamque
1914 282 2042 341 Sto·

345 365 424 423 ici
452 364 749 422 communi
778 363 1011 420 nomine
1039 363 1298 439 corporis
1325 368 1384 420 et
1412 363 1590 419 animi
1618 360 1823 430 ἡδονήν
1850 363 2043 440 appel-

344 444 485 516 lant,
518 462 627 520 ego
670 443 823 500 malo
865 439 1144 500 laetitiam
1189 443 1492 519 appellare,
1526 444 1688 520 qnasi
1738 443 2041 520 gestientis

347 524 529 582 animi
556 522 863 581 elationem
893 521 1311 599 voluptariam3
1354 523 1817 600 perturbationes
1845 531 2040 581 autem

345 603 505 662 nulla
550 611 786 661 naturae
837 603 892 660 vi
941 610 1396 674 commoventur,
1428 603 1737 681 omniaque
1787 623 1855 661 ea
1904 611 2040 662 sunt

348 683 655 761 opiniones
704 702 769 741 ae
818 682 1034 741 iudicia
1079 682 1361 755 levitatis;
1419 683 1614 760 itaque
1664 683 1753 740 his
1809 684 2037 761 sapiens

346 783 574 840 semper
599 763 842 821 vacabit.

428 843 535 901 XI.
616 848 708 901 36.
753 843 942 902 Omne
971 849 1182 914 autem,
1210 842 1364 919 quod
1386 841 1693 900 honestum
1718 842 1809 913 sit,
1833 842 1893 900 id
1918 863 2039 902 esse

345 931 583 1001 propter
632 942 691 981 se
748 923 1153 1000 expetendum,
1198 942 1505 980 commune
1554 922 1722 980 nobis
1772 929 1859 980 est
1905 943 2036 996 cum

346 1003 661 1061 multorum
690 1003 932 1061 aliorum
962 1002 1441 1080 philosophorum
1478 1002 1791 1061 sententiiS.
1870 1003 2039 1062 Prae·

344 1092 435 1141 ter
481 1084 635 1141 enim
680 1091 796 1141 tres
838 1083 1186 1161 disciplinas,
1226 1102 1370 1160 quae
1414 1083 1682 1140 virtutem
1734 1102 1769 1140 a
1809 1103 2037 1141 summo

345 1163 501 1221 bono
549 1163 879 1235 excludunt,
915 1163 1118 1221 ceteris
1168 1163 1437 1220 omnibus
1485 1162 1848 1241 philosophis
1897 1164 2037 1222 haee

345 1250 434 1301 est
480 1244 696 1302 tuenda
743 1244 1045 1315 sententia,
1080 1244 1331 1301 maxime
1372 1251 1565 1320 tamen
1609 1243 1716 1316 his,
1749 1245 1849 1322 qui
1890 1245 2037 1302 nihil

343 1323 498 1382 aliud
534 1325 594 1382 in
629 1323 913 1382 bonorum
956 1343 1196 1381 numero
1230 1323 1343 1381 nisi
1375 1324 1685 1381 honestum
1725 1341 1849 1382 esse
1883 1325 2037 1383 volu·

343 1411 526 1462 erunt.
615 1404 730 1463 Sed
763 1404 904 1462 hacc
939 1404 1174 1482 quidem
1217 1410 1303 1461 est
1336 1404 1627 1482 perfacilis
1666 1410 1726 1461 et
1767 1424 2038 1482 perexpe-

343 1484 467 1542 dita
494 1484 772 1543 defensiO.
857 1483 1001 1554 Quis
1029 1491 1117 1542 est
1145 1484 1298 1542 enim
1331 1490 1430 1542 aut
1458 1484 1587 1561 quis
1615 1502 1890 1561 umquam
1920 1485 2037 1544 fuit

342 1573 446 1621 aut
472 1564 708 1622 avaritia
735 1563 856 1623 tam
891 1565 1114 1623 ardenti
1148 1572 1250 1622 aut
1277 1571 1397 1622 tam
1431 1563 1722 1621 effrenatis
1756 1564 2036 1641 cupidita-

341 1645 517 1715 tibus,
555 1651 621 1702 ut
667 1645 908 1703 eandem
949 1645 1105 1702 illam
1152 1663 1289 1713 rem,
1327 1662 1498 1721 quam
1542 1643 1784 1720 adipisci
1827 1645 2035 1704 scelere

342 1725 548 1801 quovis
569 1724 722 1795 velit,
749 1744 866 1782 non
895 1724 1094 1782 multis
1120 1723 1382 1801 partibus
1410 1722 1574 1781 malit
1601 1723 1674 1780 ad
1697 1743 1834 1794 sese,
1859 1725 2034 1783 etiam

343 1805 505 1862 omni
547 1805 890 1882 impunitate
932 1805 1246 1882 proposita,
1278 1803 1400 1862 sine
1433 1803 1693 1861 facinore
1728 1823 1900 1881 quam
1935 1805 2034 1863 illo

342 1885 520 1942 modo
576 1886 909 1961 pervenire?
992 1886 1085 1943 37.
1130 1883 1321 1953 Quam
1377 1902 1510 1941 vero
1566 1883 1875 1941 utilitatem
1934 1892 2035 1944 aut

342 1984 515 2041 quem
554 1967 809 2023 fructum
843 1971 1106 2043 petentes
1139 1964 1281 2022 scire
1314 1964 1597 2042 cupimus,
1627 1963 1739 2034 illa,
1765 1983 1911 2041 quae
1944 1985 2036 2023 oc·

341 2045 497 2103 culta
525 2044 692 2102 nobis
726 2053 877 2117 sunt,
903 2044 1199 2122 quomodo
1233 2051 1572 2102 moveantur
1606 2044 1926 2123 quibusque
1960 2046 2034 2104 de

340 2125 528 2182 causis
549 2145 615 2183 ea
632 2133 926 2183 versentur
947 2126 1006 2183 in
1030 2125 1224 2184 caelo?
1286 2123 1429 2194 Quis
1450 2132 1643 2182 autem
1664 2132 1781 2181 tam
1801 2127 2035 2201 agresti·-

339 2204 453 2263 bus
490 2205 771 2263 institutis
812 2206 956 2262 vivit
997 2213 1098 2263 aut
1140 2205 1267 2282 quis
1316 2213 1516 2262 contra
1564 2205 1757 2262 studia
1797 2213 2033 2264 naturae

339 2293 460 2343 tam
485 2286 851 2343 vehementer
880 2285 1171 2357 obduruit,
1185 2293 1263 2343 ut
1290 2304 1325 2342 a
1350 2284 1519 2343 rebus
1548 2285 1881 2361 cognitione
1910 2286 2053 2362 dig-s·

339 2367 432 2423 nis
465 2365 768 2423 abhorreat
796 2385 1003 2443 easque
1038 2365 1161 2422 sine
1188 2365 1484 2442 voluptate
1518 2373 1619 2422 aut
1653 2365 1902 2423 utilitate
1937 2365 2036 2423 ali-

339 2465 456 2523 qua
495 2464 614 2502 non
649 2446 901 2523 requirat
934 2452 991 2503 et
1025 2464 1130 2521 pro
1166 2444 1349 2502 nihilo
1382 2445 1587 2522 putet?
1629 2452 1730 2502 aut
1764 2445 1892 2521 quis
1926 2454 2030 2517 est,

339 2526 441 2603 qui
470 2526 772 2597 maiorum,
796 2532 895 2583 aut
922 2525 1331 2583 Africanorum
1368 2531 1468 2582 aut
1502 2524 1640 2595 elue,
1668 2543 1836 2601 quem
1871 2532 1937 2582 tu
1969 2526 2030 2582 in

339 2624 438 2662 ore
467 2624 692 2683 semper
719 2605 911 2677 habea,
936 2605 1136 2682 proavi
1169 2605 1284 2662 mei
1317 2612 1752 2680 ceterorumque
1780 2604 2031 2668 virorum

338 2684 581 2743 fortium
610 2692 784 2763 atque
813 2686 973 2742 omni
996 2686 1206 2743 virtute
1228 2684 1644 2762 praestantium
1665 2684 1835 2755 facta,
1858 2684 2029 2755 dicta,

337 2765 579 2822 consilia
606 2784 958 2842 cognoscens
986 2764 1144 2823 nulla
1170 2766 1365 2823 animo
1394 2763 1673 2821 afficiatur
1701 2762 2032 2841 voluptate?

338 2850 433 2903 38.
472 2843 616 2914 Quis
644 2853 834 2902 autem
867 2845 1110 2902 honesta
1138 2845 1197 2902 in
1225 2844 1448 2901 familia
1477 2844 1777 2901 institutus
1811 2852 1869 2902 et
1898 2845 2033 2903 edu-

335 2933 501 2983 catus
529 2925 777 3001 ingenue
806 2944 920 2982 non
952 2926 1077 3001 ipsa
1104 2924 1482 3001 turpitudine,
1508 2924 1734 2981 etiamsi
1762 2943 1893 2981 eum
1922 2925 2033 2982 lae-

336 3024 635 3062 sura·non
686 3006 777 3074 sit,
823 3005 1173 3062 offenditur?
1228 3004 1357 3081 quis
1404 3003 1599 3060 animo
1648 3021 1831 3078 aequo
1873 3004 2032 3063 videt

335 3104 489 3156 eum,
522 3104 695 3163 quem
736 3085 961 3161 impure
1003 3103 1068 3141 ac
1109 3083 1395 3158 flagitiose
1437 3088 1604 3158 putet
1636 3082 1858 3141 vivere?
1902 3085 2030 3161 quis

335 3185 453 3222 non
485 3164 613 3223 odit
641 3164 921 3236 sordidOS,
943 3182 1133 3233 vanOS,
1155 3161 1323 3233 leveS,
1341 3161 1576 3221 futiles?
1650 3159 1805 3232 Quid
1834 3172 2028 3224 autem
