2259 3467
901 94 1266 145 ARGUMEN
1268 95 1442 144 T.UM
1923 94 2018 140 145

332 194 418 243 illa
458 194 567 257 ipsa
601 193 828 243 doctrina
862 202 914 243 et
953 194 1161 243 scientia
1196 192 1481 256 quaerenda
1516 191 1733 239 laborem
1772 190 2021 239 collocant

331 262 395 323 (c.
427 262 531 321 20).
604 260 744 335 Ergo
775 259 841 308 ad
880 260 1130 320 agendum
1172 260 1277 306 nati
1318 274 1517 318 sumus3
1557 256 1775 305 actiones
1814 256 2021 304 virtutes

332 334 466 387 sunt,
489 340 696 401 quarum
730 324 874 373 initia
905 339 1057 387 parva
1089 333 1205 372 sunt
1238 335 1289 373 et
1321 324 1392 371 ita
1419 339 1450 372 a
1482 331 1661 371 natura
1695 322 1942 382 inchoata,
1966 330 2021 369 ut

332 391 428 455 ipsi
456 391 678 453 persequi
707 390 903 451 longius
930 390 1199 438 debeamus
1218 389 1284 450 (c.
1306 389 1406 451 21).
1477 389 1647 451 Atque
1670 387 1790 435 haee
1814 387 2022 435 honesta

333 468 509 519 suapte
532 465 708 503 natura
730 470 838 503 esse
861 456 1159 518 expetenda,
1183 455 1404 503 indicant
1426 464 1477 503 et
1504 468 1764 517 puerorum
1788 462 1838 500 et
1861 452 2022 513 magis

332 522 487 571 etiam
511 521 786 569 adultorum
812 521 1068 569 hominum
1094 519 1277 568 iudicia
1298 529 1348 567 et
1369 518 1535 567 studia
1558 518 1863 580 (c.22).1n
1885 517 2022 565 omni

333 596 504 635 autem
531 587 738 634 honesto
773 585 897 633 nihil
929 594 1005 634 est
1036 595 1142 633 tam
1169 585 1369 644 illuso-‚e
1392 600 1484 632 nec
1508 584 1641 648 quod
1677 594 1779 631 tam
1814 582 1913 631 late
1940 598 2024 644 pa-

335 661 456 712 teat,
476 666 624 714 quam
658 651 870 711 iustitia3
910 651 993 699 sed
1029 666 1203 698 omnes
1230 650 1435 698 virtutes
1469 650 1538 697 ita
1565 650 1800 697 confusae
1827 655 1879 697 et
1906 663 2023 697 con-

334 718 541 765 iunctae
562 726 691 777 sunt,
712 724 767 763 ut
791 717 1004 778 separari
1030 717 1124 764 nisi
1150 715 1550 778 philosophorum
1576 715 1765 762 ratione
1788 728 1885 761 non
1912 728 2023 775 pos-

335 783 453 831 sint.
526 782 570 829 1⁴:
574 792 592 829 t
616 781 851 843 quoniam
875 782 1002 829 inest
1024 780 1075 828 in
1099 782 1283 829 virtute
1305 795 1423 828 cura
1450 780 1694 855 quaedam
1724 779 1866 841 quasi
1892 778 2024 826 foras

337 856 582 909 spectanS‚
601 861 667 894 ex
690 861 788 909 qno
804 846 877 904 fit,
892 854 948 902 ut.
969 847 1132 906 amici,
1156 839 1435 921 propinqui,
1451 845 1597 906 cites,
1620 860 1792 893 omnes
1810 843 2025 906 denique

337 912 566 961 homines
599 921 798 974 propter
830 927 883 960 se
916 910 1181 987 expetendi
1217 912 1328 968 sint,
1352 911 1452 958 duo
1476 925 1659 971 genera
1686 918 1800 958 sunt
1827 920 2026 971 propter

337 993 392 1026 se
420 977 826 1039 expetendorum,
846 992 999 1025 unum
1032 978 1082 1024 in
1118 977 1237 1039 ipsis
1264 976 1420 1033 nobis,
1446 990 1575 1038 quae
1601 985 1719 1023 sunt
1751 974 1904 1022 animi
1935 981 2025 1021 aut
2091 1013 2095 1017 Α

337 1043 572 1105 corporis,
595 1042 805 1090 alterum
832 1042 1157 1101 extrinsecuS,
1180 1049 1236 1090 ut
1261 1041 1423 1102 amici,
1448 1050 1689 1103 parentes,
1710 1039 1864 1089 liberi.
1925 1039 2025 1089 Sed

338 1108 435 1157 hoc
471 1107 681 1156 alterum
719 1122 875 1168 genus
911 1122 1010 1168 npn
1046 1108 1327 1155 continetur
1363 1108 1461 1155 fine
1499 1108 1738 1155 bonorum
1763 1107 1829 1166 (e.
1855 1105 1952 1166 23),
1976 1112 2026 1152 et

340 1182 509 1221 tamen
533 1175 701 1221 omnia
732 1173 797 1221 ad
836 1188 950 1221 eum
991 1173 1299 1230 referuntur3
1332 1187 1451 1221 nam
1492 1184 1699 1221 externa
1737 1180 1934 1219 tuemur
1966 1169 2026 1217 iis

339 1238 530 1300 officiis,
563 1253 690 1301 quae
728 1239 956 1286 oriuntur
991 1253 1023 1285 a
1060 1238 1339 1286 virtutibus.
1413 1238 1628 1286 Virtutis
1672 1237 2025 1299 praestantiam

340 1304 425 1367 qui
452 1318 551 1351 non
580 1304 762 1364 vident,
786 1303 820 1351 ii
845 1313 1010 1351 tamen
1039 1303 1198 1363 gloria
1223 1313 1652 1366 merentum-quae
1680 1303 1828 1350 habet
1855 1302 2027 1350 simili-

340 1369 565 1417 tudinem
591 1369 878 1417 honestatis.
953 1370 1034 1417 Ex
1058 1370 1239 1417 virtute
1261 1378 1312 1417 et
1338 1369 1555 1431 corporis
1583 1368 1723 1416 bonis
1752 1368 2030 1416 cumulatur

340 1444 392 1484 et
411 1434 681 1482 absolvitur
702 1443 980 1482 extremum
1005 1443 1055 1482 et
1078 1449 1332 1482 summum
1359 1435 1572 1494 bonum3
1611 1434 1695 1481 sed
1722 1444 1890 1480 tamen
1919 1442 2027 1480 tan-

340 1509 449 1549 tum
477 1499 652 1557 ceteris
677 1500 830 1548 virtus
857 1509 1090 1561 praestat,
1111 1508 1183 1559 ut,
1204 1500 1288 1562 qui
1315 1513 1425 1548 eam
1454 1500 1685 1559 habeant,
1708 1512 1903 1560 semper
1929 1498 2029 1545 sint

342 1564 477 1614 beati
499 1564 566 1626 (c.
585 1565 686 1625 24).
760 1565 843 1613 Ex
875 1564 968 1613 hac
995 1565 1141 1627 plena
1166 1574 1216 1612 et
1242 1565 1460 1627 perfecta
1492 1564 1822 1626 explicatione
1848 1562 2028 1611 summi

343 1630 463 1678 boni
497 1630 583 1678 alii
609 1629 886 1692 philosophi
913 1630 1185 1692 particulas
1213 1629 1454 1692 quasdam
1488 1630 1833 1692 arripuerunt3
1872 1628 2028 1678 Stoici

344 1695 516 1744 omnia
552 1694 615 1743 ad
654 1710 707 1743 se
747 1696 950 1743 mutatis
979 1695 1260 1743 nominibus
1293 1695 1647 1743 transtulerunt
1671 1693 1744 1755 '(c.
1770 1694 1874 1755 25).
1943 1692 2029 1741 Ad

343 1762 496 1809 finem
519 1760 756 1823 perducta
774 1760 971 1808 Pisonis
993 1760 1341 1822 disputatione,
1364 1760 1434 1808 M.
1452 1761 1627 1809 Cicero
1646 1760 1801 1808 vereri
1819 1774 1871 1807 se
1889 1758 2024 1819 dicit,

345 1838 402 1875 ut
428 1826 584 1874 virtus
611 1826 805 1874 beatam
833 1826 989 1873 vitam
1017 1826 1210 1875 efficere
1242 1826 1411 1888 possit,
1433 1825 1492 1883 si,
1515 1835 1570 1874 ut
1597 1824 1915 1887 Peripatetici
1942 1839 2033 1886 pu·

347 1900 470 1951 tent,
491 1891 590 1939 alia
617 1892 747 1939 bona
772 1902 822 1939 et
850 1891 981 1939 mala
1007 1891 1107 1939 sint
1132 1901 1326 1953 praeter
1356 1891 1664 1940 honestatem
1693 1900 1743 1938 et
1771 1889 2031 1952 turpitudi-

346 1972 479 2006 nem.
550 1956 672 2005 Piso
707 1956 826 2004 illud
855 1971 952 2003 non
982 1957 1147 2005 minus
1175 1958 1223 2005 in
1256 1958 1586 2019 Peripatetica
1612 1955 1871 2018 disciplina
1903 1954 2030 2003 effici

345 2022 535 2071 iudicat
565 2036 713 2084 quam
742 2022 875 2083 apud
903 2022 1112 2079 Stoicos,
1130 2038 1162 2070 a
1189 2023 1367 2085 quibus
1394 2039 1570 2086 aspera
1597 2032 1645 2071 et
1672 2020 1921 2070 reicienda
1946 2036 2032 2082 ap-

346 2086 609 2152 pellentur,
628 2101 754 2149 quae
775 2103 803 2133 a
831 2087 1173 2149 Peripateticis
1202 2088 1333 2136 mala
1356 2088 1425 2150 (c.
1447 2089 1545 2150 26).
1620 2088 1847 2138 Ciceroni
1879 2086 2030 2136 Stoici

348 2153 706 2202 constantiores
728 2152 956 2201 sidentur
979 2168 1071 2201 nee
1095 2153 1242 2202 beato
1264 2155 1521 2218 quisquam
1551 2155 1739 2203 beatior
1759 2168 1867 2202 esse
1890 2167 2034 2215 posse

349 2218 420 2281 (c.
449 2221 529 2278 27,
564 2217 669 2277 28).
740 2218 920 2279 Itaque
956 2218 1092 2278 Piso,
1122 2234 1253 2268 novo
1287 2229 1487 2281 sumpto
1517 2220 1740 2279 exordio,
1769 2229 2034 2281 postquam

349 2298 549 2332 omnem
573 2282 863 2346 philosophi·
865 2299 932 2332 tm
956 2284 1007 2331 in
1025 2284 1127 2332 vita
1153 2285 1298 2333 beata
1320 2301 1521 2347 compat
1522 2285 1653 2333 anda
1670 2284 1848 2332 versari
1874 2292 2035 2332 osten-

351 2349 440 2409 dit,
462 2349 654 2398 Stoicos
675 2358 826 2408 negat
850 2350 989 2397 novis
1013 2350 1292 2398 nominibus
1320 2351 1700 2399 inconstantiam
1727 2349 1969 2408 effugisse,
1994 2347 2035 2395 si

353 2429 450 2477 qua
479 2414 624 2462 fueiit
652 2413 785 2476 apud
814 2426 1001 2462 teteres
1026 2415 1094 2477 (c.
1125 2413 1246 2479 29);
1285 2416 1371 2462 sed
1413 2415 1768 2477 Peripateticos
1799 2414 1890 2461 sihi
1926 2428 2036 2461 con-

298 2510 317 2520 ·
353 2490 511 2538 stare3
551 2494 710 2541 neque
737 2479 867 2527 enim
905 2495 990 2527 eos
1026 2480 1125 2541 illa,
1155 2494 1285 2543 quae
1323 2480 1455 2528 bona
1489 2480 1706 2541 corporis
1742 2490 1793 2527 et
1829 2488 2037 2526 externa

353 2544 615 2608 appellent,
638 2542 790 2607 pluris
812 2546 1095 2621 aestimare2
1109 2559 1259 2608 quam
1286 2546 1436 2595 Stoici
1455 2545 1720 2593 commoda
1744 2544 2032 2602 aestiment3

353 2622 405 2659 et
435 2619 489 2658 ut
515 2618 709 2659 ceterae
735 2626 813 2659 res
840 2626 905 2659 ex
934 2610 1201 2687 praecipua
1233 2621 1371 2672 parte
1402 2611 1723 2673 appellentur,
1742 2609 1812 2657 sic
1845 2608 1951 2656 fieri
1986 2610 2035 2656 in

353 2676 530 2724 beatae
551 2674 682 2723 ιίιιιο
705 2676 1049 2724 aestimatione
1071 2684 1123 2724 et
1145 2675 1472 2738 appellatione
1495 2675 1563 2736 (c.
1583 2674 1690 2738 30).
1754 2675 2038 2736 Sapientem

353 2741 464 2805 plus
502 2755 697 2803 semper
734 2742 850 2789 boni
888 2742 1084 2800 habere,
1111 2756 1227 2789 cum
1258 2741 1485 2788 virtutem
1519 2740 1713 2801 habeat,
1743 2755 1833 2788 nec
1870 2748 2038 2788 tamen

354 2806 587 2854 omnibus
611 2806 754 2855 malis
777 2820 970 2868 semper
991 2806 1199 2854 liberum
1226 2821 1333 2854 esse
1352 2806 1423 2867 (c.
1443 2809 1525 2867 31,
1545 2807 1643 2867 32).

420 2873 594 2921 Sermo
619 2872 816 2919 habitus
840 2872 1044 2932 fingitur
1066 2872 1135 2929 (a.
1159 2874 1220 2921 79
1243 2887 1289 2921 a.
1311 2872 1429 2920 Chr.
1440 2872 1479 2932 ),
1500 2886 1600 2934 quo
1622 2881 1842 2934 tempore
1863 2871 2040 2920 Cicero

354 2948 466 2999 post
510 2937 852 2985 defensionem
891 2938 1009 2986 Sex.
1040 2937 1207 2985 Roscii
1255 2952 1309 2985 se
1348 2937 1641 2986 valetudinis
1676 2948 1727 2985 et
1760 2937 2038 2986 studiorum
2115 2971 2121 2976 -

354 3017 505 3050 causa
536 3003 587 3050 in
624 3002 885 3050 Graeciam
924 3002 1199 3050 contulerat
1235 3011 1286 3050 et
1322 3002 1535 3049 Athenis
1565 3017 1652 3049 sex
1693 3017 1885 3050 menses
1923 3017 2039 3049 cum

354 3067 608 3115 Antiocho
636 3067 729 3114 fuit
756 3066 1073 3128 studiumque
1099 3066 1436 3128 philosophiae
1464 3082 1491 3113 a
1520 3068 1678 3128 prima
1705 3067 2041 3116 adulescentia

353 3133 543 3180 cultum
583 3132 676 3180 hoc
713 3141 912 3179 auctore
947 3141 997 3179 et
1033 3132 1238 3179 doctore
1274 3132 1527 3179 renovavit
1564 3131 1730 3187 (Brut.
1760 3134 1873 3194 315,
1897 3132 2033 3181 Plut.

356 3197 462 3247 Cic.
486 3199 549 3258 43
587 3196 651 3245 de
673 3196 739 3245 N.
764 3197 829 3244 D.
855 3197 900 3256 Ι,
922 3198 996 3257 6).
