2259 3467
214 74 280 122 64
391 68 490 121 DE
524 72 813 122 FINIBUS
846 68 1201 121 BONORUM
1234 70 1340 120 ET.
1361 66 1739 121 MALORUM.

222 176 460 233 fuerunt
505 182 564 232 et
605 173 778 231 hodie
824 181 959 231 sunt
1000 180 1057 230 et
1099 173 1157 230 in
1203 172 1472 229 amicitiis
1512 170 1709 229 fideles
1753 178 1811 229 et
1851 171 1912 229 iu

225 256 387 312 omni
430 254 551 312 vita
597 262 925 312 constantes
969 260 1028 310 et
1067 251 1268 330 graves
1317 271 1421 309 nec
1462 251 1776 329 voluptate,
1813 252 1915 309 sed

227 335 417 394 officio
469 334 707 392 consilia
753 334 1132 403 moderanteS‚
1171 332 1281 390 hoc
1324 332 1553 389 videtur
1600 332 1785 389 maior
1830 333 1915 390 vis

227 416 547 479 honestatis
594 422 654 472 et
699 414 891 472 minor
940 413 1267 489 voluptatis,
1369 412 1459 469 Ita
1507 413 1662 469 enim
1711 413 1916 470 vivunt

229 495 483 573 quidam,
514 503 579 552 ut
612 514 807 552 eorum
846 494 963 551 vita
1000 493 1293 551 refellatur
1330 492 1529 550 oratic.
1614 493 1811 569 Atque
1853 500 1917 550 ut

230 576 405 633 ceteri
435 575 622 633 dicere
651 574 1048 632 existimantur
1080 573 1286 631 melius
1313 591 1487 650 quam
1514 573 1719 644 facere,
1743 572 1825 630 sic
1854 571 1916 629 hi

229 655 374 722 mihi
404 655 672 713 videntur
697 654 884 712 facere
913 654 1117 712 melius
1148 672 1318 731 quam
1348 651 1551 711 dicere.

309 735 538 795 XXVI.
625 741 718 794 82.
763 734 878 793 Sed
908 734 1045 792 haec
1073 732 1218 791 nihil
1248 752 1381 791 sane
1415 733 1487 790 ad
1514 750 1671 803 rem3
1713 731 1812 791 illa
1840 732 1919 789 vi-

230 816 484 886 deamuS‚
511 835 655 892 quae
682 835 718 873 a
744 822 802 873 te
830 814 902 873 de
931 814 1185 873 amicitia
1212 813 1368 871 dicta
1396 821 1544 871 sunt.
1629 813 1680 870 E
1709 812 1919 891 quibus

230 916 411 954 unum
451 896 594 953 mihi
629 894 864 953 videbar
899 894 972 952 ab
1005 895 1133 972 ipso
1168 893 1420 972 Epicuro
1453 894 1669 951 dictum
1708 912 1920 969 cogno-

232 996 402 1048 scere,
442 976 753 1033 amicitiam
799 995 835 1032 a
881 974 1175 1051 voluptate
1222 993 1340 1031 non
1389 993 1556 1051 posse
1598 972 1792 1031 divelli
1841 972 1918 1030 ob

230 1076 471 1134 eamque
505 1076 621 1114 rem
659 1055 954 1114 colendam
991 1074 1130 1125 esse,
1162 1054 1334 1132 quod,
1366 1073 1494 1110 cum
1534 1054 1655 1111 sine
1688 1071 1756 1121 ea
1787 1060 1918 1110 tuto

233 1145 292 1195 et
337 1137 459 1194 sine
502 1146 662 1193 metu
707 1135 822 1192 vivi
867 1155 982 1192 non
1030 1143 1240 1213 posset,
1276 1153 1350 1192 ne
1393 1133 1641 1191 iucunde
1684 1133 1917 1210 quidem

233 1224 444 1294 posset.
517 1215 670 1273 Satis
696 1222 784 1272 est
811 1215 883 1272 ad
906 1214 1016 1272 hoc
1046 1233 1398 1291 responsum.
1464 1213 1733 1271 Attulisti
1762 1212 1916 1270 aliud

234 1296 542 1354 humanius
576 1295 786 1353 horum·
816 1296 1215 1364 recentiorum,
1239 1313 1551 1371 numquam
1590 1293 1808 1351 dictum
1846 1292 1919 1350 ab

234 1376 362 1454 ipso
400 1375 513 1447 illc,
539 1375 691 1451 quod
730 1375 923 1445 sciam,
948 1375 1137 1451 primo
1166 1374 1434 1453 utilitatis
1467 1393 1636 1431 causa
1668 1375 1915 1431 amicum

233 1456 443 1533 expeti,
465 1475 593 1513 cum
625 1461 815 1512 autem
841 1475 976 1513 usus
1004 1455 1346 1525 accessisset,
1367 1461 1491 1511 tum
1522 1455 1711 1531 ipsum
1741 1454 1919 1511 amari

224 1556 326 1614 per
362 1556 438 1608 se,
465 1536 635 1594 etiam
661 1536 874 1593 omissa
902 1555 1001 1612 spe
1026 1534 1351 1611 voluptatis.
1423 1534 1557 1592 Hoc
1586 1534 1693 1591 etsi
1724 1534 1919 1591 multis

226 1617 414 1674 modis
472 1616 737 1694 reprendi
785 1623 992 1694 potest,
1025 1623 1218 1672 tamen
1268 1614 1505 1691 accipi0,
1538 1614 1694 1692 quod
1738 1614 1917 1685 dant3

222 1697 369 1755 mihi
403 1698 557 1755 enim
590 1697 727 1754 satis
754 1705 857 1772 est,
883 1696 1025 1773 ipsis
1051 1714 1171 1752 non
1200 1695 1353 1753 satiS.
1430 1694 1581 1752 Nam
1610 1693 1918 1771 aliquando

224 1797 391 1855 posse
425 1786 580 1835 recte
609 1776 730 1835 fieri
766 1778 984 1846 dicunt,
1009 1775 1167 1832 nulla
1199 1782 1498 1852 expectata
1530 1794 1635 1832 nec
1665 1774 1921 1852 quaesita

226 1858 535 1935 voluptate.
629 1864 720 1915 83.
767 1857 1023 1914 Pesuisti
1066 1856 1259 1927 etiam,
1292 1854 1480 1913 dicere
1521 1854 1681 1925 aliosi,
1711 1854 1919 1911 foedus

225 1939 516 2014 quoddam
571 1938 720 1994 inter
770 1956 829 1994 se
872 1937 1059 1994 facere
1104 1935 1407 2012 sapienteS,
1438 1942 1520 2007 ut,
1553 1935 1920 2013 quemadmo-

225 2018 363 2075 dum
396 2019 512 2075 sint
541 2017 601 2074 in
635 2037 695 2074 se
724 2017 880 2093 ipsos
912 2017 1170 2086 animati,
1195 2015 1397 2073 eodem
1430 2015 1604 2072 modo
1640 2015 1755 2072 sint
1782 2034 1919 2095 erga

225 2099 478 2168 amicost
530 2097 590 2154 id
639 2105 699 2154 et
743 2096 865 2153 fieri
911 2116 1078 2173 posse
1121 2104 1182 2154 et
1222 2114 1391 2173 saepe
1434 2115 1556 2153 esse
1596 2095 1815 2152 factum
1858 2102 1920 2151 et

226 2178 299 2235 ad
333 2178 657 2254 voluptates
696 2176 1089 2254 percipiendas
1121 2176 1371 2234 maxime
1399 2175 1700 2253 pertinere.
1784 2174 1917 2231 Hoc

225 2258 433 2315 foedus
482 2258 670 2315 facere
717 2257 766 2314 si
812 2263 1141 2334 potuerunt,
1177 2255 1395 2314 faciant
1439 2256 1612 2313 etiam
1657 2254 1815 2324 illud,
1852 2263 1918 2311 ut

226 2338 593 2415 aequitatem,
624 2337 985 2408 modestiam,
1013 2337 1253 2394 virtutes
1295 2355 1495 2393 omnes
1529 2354 1631 2412 pcr
1673 2354 1731 2392 se
1764 2335 1920 2411 ipsas

225 2419 403 2493 gratis
425 2417 684 2493 diligant.
750 2417 846 2474 An
873 2437 1021 2489 ver0,
1045 2417 1092 2474 si
1120 2416 1405 2474 fructibus
1434 2424 1492 2473 et
1514 2415 1919 2472 emolumentis

226 2505 285 2556 et
312 2497 661 2555 utilitatibus
689 2498 971 2555 amicitias
1001 2497 1271 2566 colemuS‚
1296 2497 1344 2553 si
1373 2495 1529 2553 nulla
1557 2495 1761 2553 caritas
1789 2495 1913 2561 erit,

227 2597 371 2654 quae
399 2578 576 2636 faciat
603 2578 915 2635 amicitiam
945 2578 1127 2655 ipsam
1160 2597 1263 2634 sua
1290 2585 1512 2653 sponte,
1533 2576 1591 2634 vi
1619 2594 1735 2644 sua,
1757 2594 1825 2632 ex
1855 2593 1917 2631 se

227 2666 286 2714 et
319 2667 555 2735 propter
587 2678 647 2716 se
680 2658 1076 2735 expetendam,
1108 2656 1356 2728 dubium*
1387 2664 1490 2728 est,
1523 2656 1662 2734 quin
1699 2653 1917 2712 fundos

226 2745 286 2795 et
308 2738 520 2796 insulas
547 2738 747 2796 amicis
775 2738 1229 2814 anteponamus?
1293 2742 1383 2794 84.
1418 2736 1579 2794 Licet
1600 2735 1693 2793 hic
1722 2754 1917 2791 rursus

228 2835 296 2874 ea
330 2837 758 2888 commemoreS‚
783 2836 928 2894 quae
962 2817 1201 2893 optimis
1235 2816 1420 2874 verbis
1454 2817 1527 2874 ab
1555 2815 1806 2893 Epicuro
1841 2814 1917 2871 de

230 2895 396 2954 laude
425 2898 708 2955 amicitiae
737 2898 892 2955 dicta
921 2903 1069 2954 sunt.
1149 2896 1205 2952 N
1210 2915 1282 2952 on
1316 2916 1543 2973 quaere,
1571 2895 1710 2973 quid
1739 2895 1913 2964 dicat,

232 2975 332 3031 sed
375 2976 513 3051 quid
558 2976 962 3033 convenienter
1010 2976 1194 3052 possit
1237 2977 1448 3033 rationi
1493 2983 1554 3033 et
1599 2974 1917 3034 sententiae

233 3073 366 3110 suae
388 3055 588 3113 dicere.
647 3056 681 3082 ‘⁴
701 3055 990 3113 Utilitatis
1018 3073 1186 3112 causa
1212 3056 1463 3112 amicitia
1491 3063 1577 3113 est
1600 3053 1913 3133 quaesita.’'

233 3131 388 3189 Num
424 3134 601 3209 igitur
632 3135 918 3192 utiliorem
947 3134 1057 3191 tibi
1091 3133 1244 3191 hunc
1273 3134 1556 3192 Triarium
1590 3143 1759 3216 putas
1792 3154 1917 3214 esse
