2259 3467
265 120 327 167 12
426 118 524 166 DF.
558 116 849 167 FINIBUS
882 115 1235 166 BONORUM
1271 115 1364 165 ET
1398 115 1777 166 MALORUM.

262 225 344 283 ita
388 224 650 283 defendit
688 224 970 301 Epicurus
1017 242 1204 301 neque
1246 222 1609 281 Metrodorus
1657 230 1759 282 aut
1801 224 1951 302 quis-

263 325 435 383 quam
469 324 684 374 eorum,
718 305 816 382 qui
850 312 951 362 aut
989 311 1213 381 saperet
1256 303 1476 381 aliquid
1512 311 1612 361 aut
1655 304 1767 362 ista
1804 305 1950 363 didi-

262 387 446 443 cisset.
531 385 608 442 Et
635 384 792 462 quod
822 384 1112 462 quaeritur
1139 403 1323 461 saepe,
1348 403 1450 442 cur
1482 391 1602 441 tam
1630 384 1801 442 multi
1831 386 1949 444 sint

261 466 545 543 Epicurei,
567 473 702 522 sunt
729 464 872 522 aliae
901 483 1129 542 quoque
1152 482 1369 535 causae,
1393 464 1494 521 sed
1514 464 1946 523 multitudinem

195 593 201 599 .
260 546 400 603 haec
444 546 692 603 maxime
736 544 929 616 allicit,
962 545 1119 622 quod
1164 545 1246 602 ita
1293 550 1503 622 putant
1551 544 1666 601 dici
1710 545 1783 602 ab
1829 545 1945 618 illo,

260 634 415 683 recta
441 632 501 683 et
528 626 769 684 honesta
798 644 942 703 quae
975 625 1107 697 sint,
1133 644 1201 682 ea
1232 624 1420 682 facere
1453 623 1578 702 ipsa
1610 643 1713 699 per
1745 644 1804 684 se
1839 625 1947 683 lae-

260 706 467 777 titiam,
487 706 550 764 id
577 712 681 778 est,
701 705 1074 783 voluptatem.
1160 704 1446 762 Homines
1480 704 1688 781 optimi
1724 724 1837 762 non
1867 706 1949 763 in-

258 785 557 863 tellegunt,
580 792 767 844 totam
796 785 1078 844 rationem
1106 785 1303 854 everti,
1328 784 1377 842 si
1404 784 1488 842 ita
1514 804 1603 842 res
1631 803 1690 841 sc
1719 784 1943 844 habeat.

260 869 412 927 Nam
442 870 491 926 si
520 867 945 936 concederetur,
970 865 1198 923 etiamsi
1226 863 1301 921 ad
1324 882 1533 940 corpus
1567 864 1711 921 nihil
1744 865 1947 923 refera-

259 949 369 1015 tur,
390 945 501 1001 ista
521 963 621 1001 sua
649 951 855 1021 sponte
877 950 935 1000 et
958 962 1061 1020 per
1080 963 1141 1000 se
1162 962 1284 1001 esse
1307 944 1571 1014 iucunda,
1591 963 1695 1020 per
1715 963 1775 1002 se
1800 953 1948 1003 esset

258 1030 319 1081 et
352 1024 532 1081 virtus
565 1031 623 1081 et
664 1023 922 1100 cognitio
956 1042 1162 1094 rerum,
1189 1023 1346 1100 quod
1390 1021 1629 1081 minime
1674 1024 1769 1082 ille
1805 1025 1943 1095 vult,

259 1103 595 1180 expetenda.
681 1109 775 1161 26.
814 1103 974 1161 Haec
1002 1103 1182 1180 igitur
1214 1101 1450 1182 Epicuri
1482 1123 1599 1160 non
1635 1105 1836 1179 probo,
1863 1106 1945 1162 in-

261 1203 448 1260 quam.
520 1183 612 1241 De
640 1190 829 1241 cetero
858 1183 1058 1240 vellem
1091 1181 1356 1260 equidem
1388 1191 1489 1242 aut
1517 1184 1639 1260 ipse
1668 1184 1945 1243 doctrinis

258 1264 464 1321 fuisset
514 1264 848 1321 instructior
893 1258 1007 1337 (est
1050 1264 1223 1334 enim,
1265 1263 1421 1341 quod
1477 1263 1584 1321 tibi
1639 1264 1722 1322 ita
1767 1265 1946 1323 videri

258 1363 486 1402 neccsse
534 1351 638 1414 est,
673 1363 791 1401 non
838 1343 974 1400 satis
1020 1343 1235 1420 politus
1283 1344 1355 1401 iis
1402 1343 1636 1414 artibuS,
1672 1364 1812 1422 quas
1846 1346 1946 1423 qui

258 1430 476 1493 tenent,
501 1424 710 1482 eruditi
745 1421 1149 1501 appellantur),
1171 1431 1270 1481 aut
1304 1442 1375 1482 ne
1410 1424 1777 1482 deterruisset
1804 1425 1947 1483 alios

258 1522 293 1561 a
321 1504 542 1562 studiis.
615 1503 989 1582 ‘Quamquam
1018 1511 1077 1562 te
1107 1502 1339 1581 quidem
1367 1503 1532 1562 video
1556 1503 1793 1563 minime
1823 1524 1945 1564 esse

258 1584 611 1642 deterritum.

338 1664 504 1723 VIII.
550 1665 709 1735 Quae
743 1684 871 1724 cum
907 1663 1198 1737 dixissem,
1229 1666 1413 1743 magis
1448 1672 1514 1724 ut
1548 1665 1706 1723 illum
1742 1686 1945 1744 provo·

257 1765 460 1818 carem,
493 1765 663 1823 quam
699 1754 765 1805 ut
809 1747 932 1823 ipse
978 1747 1253 1825 loquerer,
1277 1753 1399 1804 tum
1445 1746 1697 1804 Triarius
1741 1747 1945 1805 leniter

257 1826 543 1884 arridens:
586 1826 675 1885 Tu
706 1826 956 1905 quidem,
976 1827 1396 1904 inquit,·totum
1420 1826 1731 1904 Epicurum
1763 1846 1945 1904 paene

255 1926 287 1964 e
315 1906 795 1984 philosophorum
823 1907 1000 1965 choro
1029 1907 1326 1964 sustulisti.
1395 1906 1550 1976 Quid
1579 1907 1632 1964 ei
1661 1907 1944 1985 reliquisti

256 1987 368 2044 nisi
418 1994 492 2056 te,
526 2005 760 2064 quoquo
810 1986 986 2045 modo
1041 1987 1386 2064 loqueretur,
1424 1987 1769 2063 intellegere,
1803 1988 1943 2065 quid

256 2067 504 2124 diceret?
583 2067 791 2124 Aliena
819 2066 968 2124 dixit
1000 2066 1056 2123 in
1095 2066 1366 2144 physicis,
1395 2086 1499 2124 nec
1534 2086 1601 2125 ea
1634 2068 1773 2144 ipsa,
1799 2088 1944 2145 quae

256 2147 362 2204 tibi
419 2146 812 2224 probarentur.
897 2146 960 2204 Si
1007 2166 1120 2224 qua
1172 2147 1230 2204 in
1287 2147 1358 2205 iis
1412 2148 1693 2224 corrigere
1738 2148 1939 2220 voluit,

256 2227 539 2285 deteriora
592 2227 749 2285 fecit.
834 2225 1169 2284 Disserendi
1214 2235 1392 2285 artem
1449 2227 1663 2284 nullam
1719 2227 1938 2286 habuit.

255 2306 632 2385 Voluptatem
668 2326 796 2368 cum
836 2326 1124 2364 summum
1161 2306 1384 2365 bonum
1423 2307 1655 2379 diceret,
1687 2308 1939 2383 primum

255 2387 311 2444 in
344 2407 413 2445 eo
442 2388 569 2464 ipso
597 2406 799 2465 parum
830 2387 992 2459 vidit,
1018 2387 1227 2445 deinde
1256 2387 1367 2445 hoc
1397 2406 1626 2465 quoque
1654 2387 1900 2445 alienum
1924 2406 1939 2459 3

253 2487 386 2525 nam
433 2475 565 2525 ante
598 2468 949 2544 AristippuS,
981 2474 1038 2525 et
1085 2467 1179 2525 ille
1220 2467 1441 2526 melius,
1525 2467 1825 2525 Addidisti
1867 2469 1942 2525 ad

253 2555 590 2618 extremum,
632 2549 804 2605 etiam
862 2548 1160 2605 indoctum
1218 2547 1413 2606 fuisse.
1500 2547 1593 2605 27.
1655 2546 1822 2619 Fieri,
1860 2550 1941 2605 in·

254 2647 443 2705 quam,
474 2627 675 2699 Triari,
708 2627 866 2686 nullo
900 2635 1072 2705 pacto
1107 2635 1317 2705 potest,
1344 2635 1410 2685 ut
1443 2646 1557 2684 non
1600 2628 1772 2699 dicas,
1799 2627 1940 2706 quid

254 2727 366 2765 non
409 2708 619 2785 probes
652 2709 789 2776 eius,
821 2727 855 2766 a
889 2728 1003 2786 quo
1042 2708 1362 2767 dissentias.
1448 2707 1605 2777 Quid
1649 2708 1802 2765 enim
1846 2727 1940 2766 me

251 2788 582 2863 prohiberet
637 2788 982 2865 Epicureum
1032 2808 1170 2861 esse,
1208 2790 1256 2846 si
1299 2788 1619 2865 probarem,
1659 2807 1804 2865 quac
1845 2788 1941 2846 illc

252 2868 502 2927 diceret?
542 2888 672 2926 cum
710 2869 1037 2946 praesertim
1074 2869 1173 2927 illa
1206 2869 1525 2946 perdiscere
1566 2868 1735 2925 ludus
1772 2875 1936 2927 esset.

251 2949 638 3019 Quamobrem
684 2949 1145 3007 dissentientium
1194 2950 1343 3006 inter
1375 2968 1435 3007 se
1470 2948 1938 3025 reprehensiones

253 3049 365 3087 non
398 3037 532 3087 sunt
561 3029 1001 3106 vituperanda03
1045 3028 1366 3098 maledicta,
1391 3029 1788 3099 contumeliae,
1812 3037 1937 3086 tum

252 3110 553 3167 iracundae
594 3110 996 3167 contentiones
1033 3109 1598 3186 concertationesque
1646 3110 1704 3166 in
1745 3110 1939 3186 dispu-

251 3190 428 3248 tando
471 3191 789 3266 pertinaces
838 3190 1108 3266 indiguae
1160 3189 1527 3266 philosophia
1571 3189 1714 3247 mihi
1760 3191 1937 3254 videri
