2259 3467
859 120 998 169 LIB.
1027 120 1155 182 111.‚
1184 119 1340 169 CAP.
1369 121 1577 169 111.-V.
2011 125 2075 172 87

382 241 509 279 rum
555 219 1044 281 ratio-»difficilius
1089 221 1364 299 quiddam
1418 228 1476 279 et
1525 220 1836 279 obscurius,
1923 222 2074 280 Nam

382 320 513 375 cum
550 301 610 358 in
654 300 875 358 Graeco
911 320 1173 358 sermone
1207 301 1347 358 haec
1389 302 1516 378 ipsa
1559 301 1847 378 quondam
1886 321 2076 360 rerum

382 381 621 438 nomina
653 399 933 437 novarum
962 378 1036 415 ⁴³*
1065 399 1183 437 non
1208 381 1564 451 videbantur,
1591 400 1734 457 quae
1764 400 1916 439 nunc
1945 401 2077 439 con-

383 460 626 517 svetudo
655 460 929 517 diuturna
956 460 1153 531 trivit3
1198 460 1337 537 quid
1366 479 1561 518 censes
1589 461 1646 516 in
1679 460 1884 518 Latino
1913 461 2076 519 fore?

383 540 742 597 Facillimum
773 539 834 597 id
860 540 1092 617 quidem
1117 546 1221 612 est,
1248 540 1499 617 inquam.
1585 540 1648 597 Si
1671 541 1825 598 enim
1858 541 2075 599 Zenoni

384 619 563 689 licuit,
585 638 714 677 cum
739 638 857 677 rem
882 620 1132 696 aliquam
1157 620 1468 677 invenisset
1485 620 1835 691 inusitatam,
1855 621 2077 678 inaudi-

381 704 510 755 tum
546 718 777 775 quoque
810 699 864 756 ei
905 699 985 756 rei
1019 718 1232 756 nomen
1275 700 1587 776 imponere,
1613 719 1713 757 cur
1751 719 1870 757 non
1909 701 2077 759 liceat

383 777 633 836 Catoni?
725 778 848 836 Nec
890 784 1082 836 tamen
1127 779 1373 855 exprimi
1414 779 1648 836 verbum
1694 799 1726 837 e
1766 779 1941 837 verbo
1984 800 2077 839 ne-

383 877 539 916 cesse
567 857 692 928 erit,
717 865 784 915 ut
804 857 1147 934 interpretes
1177 858 1437 916 indiserti
1466 859 1668 929 solent,
1694 878 1822 917 cum
1855 861 1931 918 sit
1958 880 2073 917 ver-

385 937 542 1009 bum,
564 937 721 1015 quod
756 938 909 995 idem
945 938 1210 1009 declaret,
1235 939 1419 1015 magis
1454 939 1764 1012 usitatum3
1807 940 2076 1017 equidem

385 1017 542 1074 soleo
576 1018 769 1089 etiam,
790 1017 948 1095 quod
982 1037 1098 1074 uno
1131 1017 1354 1089 Graeci,
1375 1018 1421 1075 si
1464 1017 1629 1076 aliter
1660 1037 1777 1076 non
1820 1038 2075 1096 possum,

383 1097 538 1155 idem
570 1097 831 1174 pluribus
854 1097 1039 1154 verbis
1067 1117 1366 1173 exponere.
1450 1097 1529 1156 Et
1551 1105 1741 1155 tamen
1774 1106 1917 1174 puto
1945 1119 2078 1156 con-

384 1176 510 1234 cedi
568 1177 738 1234 nobis
793 1184 1075 1254 oportere,
1113 1185 1179 1234 ut
1237 1177 1457 1235 Graeco
1514 1178 1689 1235 verbo
1746 1186 1990 1247 utamur,
2029 1180 2077 1238 si

387 1257 620 1334 quando
647 1257 840 1313 minus
870 1263 1128 1314 occurret
1158 1256 1447 1329 Latinum,
1468 1276 1539 1315 ne
1568 1257 1678 1316 hoc
1706 1259 1990 1332 ephippiis
2019 1268 2079 1316 et

383 1336 779 1410 acratophoris
818 1336 1014 1414 potius
1057 1355 1227 1413 quam
1265 1338 1626 1410 proeqmenis
1667 1345 1726 1395 et
1773 1342 2079 1412 apoproe'q-

385 1416 565 1473 menis
607 1416 967 1473 concedatur.
1053 1415 1415 1493 Quamquam
1462 1416 1601 1475 haec
1644 1417 1878 1494 quidem
1912 1437 2079 1491 prae-

377 1496 574 1569 posita
602 1503 754 1553 recte
783 1503 842 1553 et
869 1496 1069 1552 reiecta
1090 1496 1280 1553 dicere
1302 1495 1512 1554 licebit.
1602 1502 1694 1555 16.
1730 1497 1893 1555 Bene
1913 1498 2076 1568 faeiS,

386 1575 594 1652 inquit,
621 1575 777 1652 quod
804 1594 898 1633 mc
920 1576 1185 1646 adiuvas3
1229 1584 1288 1633 et
1310 1575 1435 1633 istis
1457 1576 1709 1652 quidem,
1732 1595 1876 1653 quac
1901 1577 2075 1635 modo

387 1654 602 1727 dixisti,
634 1662 762 1713 utar
802 1654 998 1732 potius
1039 1654 1294 1721 Latinist,
1338 1655 1395 1711 in
1441 1656 1643 1713 ceteris
1685 1656 2001 1728 subvenies,
2028 1657 2077 1713 si

387 1754 482 1792 me
544 1735 872 1792 haerentem
931 1733 1168 1792 videbis
1271 1733 1503 1805 Sedulo,
1532 1735 1800 1812 inquam,
1845 1736 2073 1793 faciam.

389 1814 505 1876 Sed
559 1815 795 1872 fortuna
848 1814 1064 1885 fortes3
1122 1833 1297 1892 quare
1350 1832 1573 1886 conare,
1611 1833 1837 1892 quaese.
1923 1814 2082 1884 Quid

388 1894 543 1952 enim
572 1913 878 1971 possumus
906 1893 1016 1950 hoc
1045 1909 1211 1969 agere
1240 1894 1528 1951 divinius?

468 1974 544 2032 V.
587 1974 787 2031 Placet
809 1974 913 2044 his,
936 1974 1141 2051 inquit,
1168 1992 1408 2050 quorum
1434 1973 1582 2031 ratio
1612 1974 1754 2031 mihi
1784 1974 2077 2052 probatur,

389 2052 559 2111 simul
589 2059 761 2130 atque
791 2060 989 2110 natum
1020 2054 1095 2110 sit
1123 2053 1332 2110 animal
1367 2048 1528 2128 (hinc
1558 2054 1708 2112 enim
1741 2063 1828 2112 est
1858 2055 2082 2113 ordien-

390 2131 576 2209 dum),
600 2134 788 2209 ipsum
813 2133 923 2190 sibi
952 2133 1242 2191 conciliari
1266 2141 1325 2190 et
1345 2134 1734 2191 commendari
1765 2134 1839 2191 ad
1868 2154 1927 2192 se
1948 2154 2082 2192 con-

389 2212 729 2270 servandum
771 2220 830 2270 et
871 2211 944 2269 ad
985 2232 1154 2270 suum
1197 2219 1410 2270 statum
1454 2232 1648 2290 eaque,
1670 2233 1815 2292 quae
1857 2234 2079 2273 conser-

390 2293 585 2350 vantia
617 2300 752 2350 sunt
793 2292 916 2349 eius
957 2300 1156 2364 statuS,
1182 2292 1491 2369 diligenda,
1513 2294 1745 2351 alienari
1780 2301 1971 2352 autem
2005 2295 2079 2351 ab

389 2371 626 2429 interitu
670 2372 853 2448 iisque
895 2371 1079 2443 rebuS‚
1112 2391 1258 2449 quae
1313 2374 1612 2430 interitum
1654 2374 1957 2431 videantur
1996 2375 2080 2431 af-

388 2451 555 2509 ferre.
641 2451 711 2509 Id
745 2452 828 2508 ita
860 2471 981 2509 esse
1015 2452 1096 2509 sic
1130 2452 1396 2530 probant,
1422 2453 1580 2530 quod
1607 2461 1756 2523 ante,
1784 2473 1951 2530 quam
1983 2473 2080 2510 vo-

388 2529 582 2609 luptas
623 2537 724 2589 aut
770 2531 937 2588 dolor
978 2532 1252 2608 attigerit,
1278 2532 1546 2590 salutaria
1593 2541 1871 2609 appetant
1918 2535 2079 2609 parvi

391 2618 877 2688 aspernenturque
919 2612 1219 2681 contraria,
1246 2612 1403 2689 quod
1452 2631 1567 2669 non
1618 2613 1794 2684 fieret,
1820 2614 1927 2669 nisi
1971 2621 2081 2670 sta-

389 2696 516 2748 tum
553 2709 719 2748 suum
753 2691 1074 2767 diligerent,
1098 2692 1395 2749 interitum
1432 2692 1716 2749 timerent.
1803 2692 1952 2749 Fieri
1986 2713 2080 2750 au-

390 2777 510 2827 tem
552 2789 670 2827 non
711 2778 922 2846 posset,
946 2776 1013 2827 ut
1054 2778 1392 2846 appeterent
1432 2771 1666 2847 aliquid,
1697 2771 1807 2827 nisi
1849 2792 2077 2829 sensum

378 2848 668 2907 haberent
702 2850 789 2906 sui
823 2867 1005 2925 eoque
1040 2869 1098 2906 se
1133 2850 1454 2926 diligerent.
1539 2850 1626 2906 Ex
1670 2869 1784 2926 quo
1823 2851 2079 2928 intellegi

394 2927 583 2999 debet,
614 2929 962 3005 principium
996 2928 1231 2985 ductum
1270 2947 1391 2986 esse
1424 2948 1458 2984 a
1491 2947 1550 2984 se
1583 2928 1895 3004 diligendo,
1984 2933 2075 2987 17.

394 3006 466 3064 In‘
498 3008 796 3084 principiis
828 3015 1021 3065 autem
1056 3006 1410 3076 naturalibus
1449 3005 1707 3082 plerique
1745 3006 1927 3066 Stoici
1959 3027 2077 3064 non

441 3095 605 3146 utant
630 3087 986 3165 voluptatem
1021 3105 1142 3143 csse
1170 3084 1513 3162 ponendam.
1600 3084 1824 3152 Quibus
1852 3107 1960 3163 ego
1988 3106 2080 3142 ve-

393 3107 694 3227 Eementer
713 3166 1008 3237 assentior,
1033 3184 1121 3237 ne,
1148 3166 1195 3222 si
1220 3164 1574 3240 voluptatem
1596 3171 1801 3223 natura
1820 3166 2079 3242 posuisse
