2259 3467
204 101 270 149 88
368 99 466 148 DE
500 100 794 150 FINIBUS
826 99 1181 151 BONORUM
1213 101 1307 150 ET
1339 101 1719 153 MALORUM.

205 199 262 257 in
295 200 367 257 iis
400 199 568 257 rebus
599 201 1033 277 videatur,quae
1066 201 1285 277 primae
1319 209 1684 279 appetuntur,
1708 204 1892 263 multa

205 280 397 356 turpia
425 287 747 357 sequantur.
835 280 986 337 Satis
1015 301 1136 338 csse
1170 289 1363 338 autem
1393 284 1715 358 argumenti
1740 285 1890 342 vide-

204 367 314 429 tur,
337 359 707 437 quamobrem
742 359 853 431 illa,
880 379 1023 437 quae
1057 361 1244 438 prima
1285 368 1421 419 sunt
1452 362 1630 419 ascita
1670 369 1888 436 natura,

205 439 528 515 diligamus,
551 439 707 517 quod
735 447 823 497 est
845 458 1032 511 nem0‚
1058 441 1215 517 quin,
1240 454 1370 497 c'um
1394 441 1678 499 utrumvis
1705 442 1889 516 liceat,

204 527 368 596 aptas
396 518 560 577 malit
587 526 646 577 et
674 519 924 595 integras
958 538 1159 576 omnes
1187 527 1376 597 partes
1405 522 1662 598 corporis
1698 541 1888 599 quam,

205 599 407 656 eodem
439 618 561 669 usu,
587 599 922 657 imminutas
954 607 1054 656 aut
1082 599 1338 657 detortas
1366 599 1589 659 habere.
1675 601 1886 660 Rerum

203 686 394 735 autem
445 679 805 755 cognitiones
863 674 1029 755 (quas
1076 678 1166 736 vel
1215 680 1755 757 comprehensiones
1801 681 1889 740 vel

203 758 601 835 perceptiones
621 757 726 830 vel,
752 759 800 815 si
826 758 974 816 haec·
990 757 1159 816 verba
1188 766 1288 817 aut
1317 759 1507 817 minus
1534 760 1765 837 placent
1790 769 1892 820 aut

204 838 396 895 minus
422 837 848 915 intelleguntur,
869 838 1210 912 καταλήψεις
1230 839 1583 917 appellemus
1603 839 1781 917 licet),
1799 861 1893 898 eas

205 917 383 993 igitur
408 918 562 995 ipsas
602 924 839 994 propter
872 937 931 976 se
964 919 1320 977 asciscendas
1352 918 1710 990 arbitramur,
1736 921 1890 997 quod

206 996 454 1055 habeant
476 998 750 1075 quiddam
773 998 830 1055 in
851 1017 911 1055 se
934 998 1096 1075 quasi
1116 997 1479 1074 complexum
1505 1007 1564 1058 et
1591 1000 1894 1058 continens

205 1077 522 1134 veritatem.
606 1076 677 1134 Id
699 1084 888 1135 autem
920 1077 979 1135 in
1010 1079 1201 1155 parvis
1226 1077 1484 1155 intellegi
1513 1086 1722 1155 potest,
1749 1099 1894 1156 quos

205 1155 474 1214 delectari
516 1156 828 1228 videamuS,
859 1157 1085 1215 etiamsi
1135 1177 1332 1215 eorum
1382 1158 1529 1215 nihil
1576 1158 1819 1229 intersit,
1844 1161 1894 1217 si

207 1235 344 1312 quid
376 1236 596 1294 ratione
617 1255 720 1314 per
740 1256 801 1295 se
829 1238 940 1315 ipsi
968 1237 1305 1295 invenerint.
1394 1243 1484 1295 18.
1517 1237 1691 1296 Artes
1718 1240 1892 1297 etiam

205 1315 358 1392 ipsas
389 1324 625 1393 propter
658 1335 717 1374 se
759 1317 1128 1375 assumendas
1169 1324 1455 1394 putamuS,
1480 1336 1612 1375 cum
1649 1321 1784 1396 quia
1816 1322 1895 1376 sit.

204 1395 265 1452 in
307 1395 380 1453 iis
419 1394 637 1473 aliquid
678 1396 921 1472 dignum
962 1397 1373 1473 assumptione,
1404 1404 1527 1454 tum
1573 1399 1729 1475 quod
1762 1417 1895 1456 con·

206 1482 360 1533 stent
393 1494 462 1532 ex
495 1476 925 1553 cognitionibus
957 1484 1016 1535 et
1047 1477 1383 1535 contineant
1419 1478 1694 1554 quiddam
1729 1479 1790 1535 in
1832 1498 1895 1539 se

205 1554 426 1614 ratione
474 1556 852 1614 constitutum
902 1564 962 1615 et
998 1556 1106 1613 via.
1188 1556 1248 1613 A
1289 1556 1435 1614 falsa
1475 1565 1666 1615 autem
1709 1576 1895 1616 assen-

207 1635 366 1695 sione
395 1634 579 1712 magis
607 1654 713 1692 nos
745 1634 1021 1693 alienatos
1054 1654 1176 1693 esse
1206 1654 1374 1712 quam
1407 1656 1440 1693 a
1469 1637 1671 1694 ceteris
1702 1637 1890 1707 rebuS,

207 1733 353 1792 quae
394 1716 509 1773 sint
549 1724 748 1773 contra
788 1723 1068 1786 naturam,
1104 1715 1465 1773 arbitrantur.
1552 1715 1672 1774 Iam
1717 1737 1895 1775 mem·

206 1794 458 1866 brorum,
479 1794 540 1853 id
564 1802 665 1866 est,
686 1795 935 1873 partium
959 1795 1216 1872 corporis
1238 1796 1349 1853 alia
1367 1795 1637 1854 videntur
1656 1805 1895 1874 propter

205 1893 400 1932 eorum
441 1894 605 1932 usum
649 1894 682 1932 a
716 1882 919 1932 natura
952 1894 1073 1932 esse
1105 1874 1337 1947 donata,
1369 1882 1434 1933 ut
1469 1879 1686 1947 manus,
1711 1895 1889 1948 crura,

204 1954 398 2029 pedeS,
430 1962 495 2012 ut
542 1974 625 2026 ea,
659 1974 802 2032 quae
851 1962 985 2013 sunt
1040 1955 1198 2011 intus
1244 1955 1305 2012 in
1360 1974 1615 2031 corpore,
1647 1975 1893 2033 quorum

205 2034 424 2091 utilitas
466 2042 681 2111 quanta
721 2035 812 2106 sit,
844 2054 878 2091 a
917 2034 1158 2092 medicis
1199 2034 1371 2092 etiam
1415 2035 1758 2111 disputat-ur,
1782 2036 1895 2094 alia

205 2121 398 2170 autern
428 2113 642 2170 nullam
673 2113 748 2171 ob
778 2114 1084 2171 utilitatem
1123 2114 1286 2192 quasi
1314 2114 1388 2171 ad
1417 2115 1700 2191 quendam
1733 2134 1894 2174 orna-

205 2201 349 2264 tum,
374 2200 440 2250 ut
468 2193 650 2250 cauda
677 2194 905 2271 pavoni,
935 2194 1166 2271 plumae
1198 2192 1561 2252 versicolores
1589 2194 1888 2268 columbis,

206 2272 342 2330 viris
370 2291 653 2330 mammae
680 2280 852 2350 atque
875 2273 1063 2332 barba.
1153 2279 1245 2332 19.
1289 2274 1452 2331 Haec
1480 2274 1753 2333 dicuntur
1778 2275 1893 2332 for·

204 2359 353 2410 tasse
382 2352 661 2425 ieiunius3
705 2362 839 2411 sunt
860 2354 1013 2411 enim
1037 2353 1199 2431 quasi
1221 2354 1408 2430 prima
1429 2352 1711 2411 elementa
1733 2363 1892 2412 natu-

204 2450 316 2502 rae,
338 2431 546 2509 quibus
567 2432 796 2491 ubertas
818 2434 1094 2491 orationis
1114 2432 1374 2491 adhiberi
1397 2433 1490 2490 vix
1513 2441 1706 2510 potest
1727 2452 1743 2506 ;
1786 2454 1891 2492 nec

205 2512 474 2590 equidem
509 2532 634 2571 eam
669 2514 864 2589 cogito
906 2514 1256 2583 consectari3
1300 2532 1495 2570 verum
1530 2521 1722 2571 tamen
1758 2533 1889 2572 cum

204 2591 278 2650 de
305 2592 475 2650 rebus
500 2593 903 2670 grandioribus
931 2593 1103 2664 dicas
1129 2594 1286 2669 ipsae
1313 2611 1402 2649 res
1429 2592 1600 2649 verba
1629 2593 1888 2671 rapiunt3

205 2671 288 2729 ita
327 2671 395 2730 fit
436 2692 563 2730 cum
615 2673 858 2750 gravior,
889 2680 1015 2730 tum
1058 2673 1234 2730 etiam
1283 2672 1640 2749 splendidior
1687 2674 1886 2731 oratio·

206 2750 327 2821 Est,
352 2759 418 2810 ut
451 2752 611 2821 dicia
643 2753 913 2829 inquam3
957 2750 1057 2808 sed
1090 2759 1283 2808 tamen
1320 2770 1508 2820 omne,
1534 2751 1690 2829 quod
1725 2751 1796 2809 de
1829 2771 1889 2824 re

204 2828 360 2886 bona
400 2831 651 2888 dilucide
695 2831 920 2900 dicitur,
952 2829 1097 2886 mihi
1147 2829 1431 2906 praeclare
1480 2830 1597 2888 dici
1644 2830 1886 2890 videtur.

207 2905 544 2966 Istiusmodi
572 2915 765 2965 autem
799 2927 888 2965 res
921 2908 1110 2965 dicere
1139 2915 1337 2965 ornate
1367 2908 1509 2966 velle
1536 2909 1754 2986 puerile
1783 2921 1886 2981 est,

207 2984 374 3059 plane
403 2993 595 3043 autem
626 2994 683 3043 et
710 2987 1009 3073 perspicue
1038 2988 1305 3063 expedire
1333 3006 1502 3063 posse
1530 2988 1685 3046 docti
1722 2996 1781 3048 et
1809 2989 1892 3046 in-

206 3062 529 3134 tellegentis
556 3064 679 3122 viri.
1755 3109 1759 3113 -

288 3140 392 3199 VI.
460 3147 552 3200 20.
588 3142 1035 3218 Progrediamur
1055 3145 1248 3221 igitur,
1272 3145 1561 3222 quoniam,
1587 3147 1793 3225 inquit,
1818 3147 1890 3205 ab
