2259 3467
277 117 341 165 16
449 116 549 166 DE
582 116 872 166 FINIBUS
908 117 1260 166 BONORUM
1293 118 1387 166 ET
1421 118 1800 178 MALORUM.

276 237 395 276 sam
418 223 425 229 ’
451 217 577 288 ista,
609 236 754 295 quae
803 218 925 275 sine
953 216 1131 276 dubio
1183 218 1469 296 praeclara
1516 226 1668 289 sunt,
1701 220 1963 291 fecerint,

272 297 546 355 virtutem
582 297 654 354 iis
681 315 783 374 per
816 316 875 354 se
909 298 1094 375 ipsam
1128 317 1357 356 causam
1395 318 1510 356 non
1546 300 1741 358 fuisse.
1746 299 1966 357 —Tor-

277 396 447 455 quem
477 377 727 435 detraxit
761 376 931 436 hosti.
935 377 1094 435 —Et
1123 379 1357 451 quidem
1389 399 1448 437 se
1482 380 1646 450 texit,
1672 399 1743 437 ne
1771 381 1968 438 interi-

276 464 379 515 ret.
383 456 550 515 —At
570 476 847 533 magnum
862 459 1184 537 periculum
1202 461 1361 519 adiit.
1366 460 1515 517 —In
1537 423 1717 518 ocu’lis
1771 462 1966 520 uidem

276 537 572 595 exercitus.
575 536 813 607 -Quid
846 557 916 595 ex
943 556 1013 595 eo
1041 544 1130 595 est
1158 545 1498 595 consecutus
1516 480 1871 596 i—Laudem
1907 546 1967 596 et

275 616 591 688 caritatem,
615 637 761 695 quae
789 626 924 675 sunt
954 618 1103 675 vitae
1137 617 1260 675 sine
1293 626 1454 675 metu
1482 617 1778 693 degendae
1806 637 1965 694 prae-

276 696 424 755 sidia
463 696 1099 755 firmissima—Filium
1149 705 1336 755 morte
1380 696 1809 756 multavit.—Si
1844 699 1968 756 sine

275 795 460 847 causa,
486 777 698 835 nollem
733 796 825 835 me
858 777 933 835 ab
961 797 1031 835 eo
1065 784 1276 849 ortum,
1300 784 1419 835 tam
1454 778 1790 854 importuno
1824 786 1967 835 tam-

277 875 387 932 que
415 856 629 915 crudeli
651 858 808 929 ;-sin‚
832 866 899 915 ut
930 856 1129 915 dolore
1158 876 1263 915 suo
1292 858 1538 915 sanciret
1565 857 1829 916 militaris
1862 858 1968 915 im·-

274 936 421 1011 perii
463 936 828 1014 disciplinam
870 938 1302 1030 exercitumque
1342 938 1402 994 in
1444 938 1782 1014 gravissimo
1815 936 1967 995 bello

275 1015 787 1075 animadversionis
839 1026 1000 1075 metu
1061 1018 1399 1088 contineret,
1445 1017 1616 1075 saluti
1670 1018 1968 1095 prospexit

275 1095 507 1167 civium,
531 1117 647 1189 qua
672 1097 1042 1174 intellegebat
1061 1097 1345 1155 contineri
1374 1117 1556 1155 suam.
1630 1103 1724 1155 36.
1770 1099 1967 1175 Atque

276 1174 415 1234 haec
455 1177 604 1235 ratio
644 1178 758 1235 late
801 1184 979 1254 patet.
1063 1176 1132 1234 In
1176 1196 1292 1269 quo
1341 1178 1494 1235 enim
1541 1178 1791 1235 maxime
1835 1197 1968 1235 con-

275 1275 337 1313 sv
340 1256 457 1315 evit
503 1257 715 1315 iactare
760 1264 948 1316 vestra
994 1277 1054 1315 se
1103 1258 1307 1328 oratic,
1337 1264 1439 1315 tna
1482 1258 1833 1335 praesertim,
1866 1258 1966 1349 qui

276 1336 532 1395 studiose
565 1338 804 1414 antiqua
836 1338 1209 1415 persequeris,
1240 1337 1405 1395 claris
1446 1346 1506 1396 et
1544 1337 1795 1395 fortibus
1828 1338 1967 1394 viris

275 1417 796 1475 commemorandis
836 1437 1151 1495 eorumque
1191 1418 1365 1475 factis
1410 1437 1528 1476 non
1571 1418 1966 1475 emolumento

274 1495 487 1573 aliqu0,
523 1497 625 1555 sed
670 1497 854 1575 ipsius
899 1496 1225 1555 honestatis
1280 1497 1485 1555 decore
1540 1497 1859 1565 laudandis,
1904 1497 1965 1556 id

273 1582 465 1634 totum
507 1578 783 1635 evertitur
809 1597 879 1636 eo
913 1577 1137 1635 delectu
1171 1596 1378 1648 rerum,
1405 1597 1573 1655 quem
1609 1578 1788 1635 modo
1822 1577 1963 1649 dixi,

274 1657 612 1729 constitutO,
648 1665 714 1715 ut
763 1666 864 1716 aut
906 1658 1235 1735 voluptates
1283 1658 1626 1715 omittantur
1679 1658 1963 1715 maiorum

273 1735 637 1814 voluptatum
671 1738 1168 1814 adipiscendarum
1199 1757 1372 1795 causa
1401 1744 1502 1795 aut
1534 1737 1763 1795 dolores
1794 1739 1965 1796 susci-

271 1816 507 1893 piantur
535 1819 814 1876 maiorum
845 1817 1110 1875 dolorum
1140 1818 1257 1876 effu
1301 1817 1602 1876 iendorum
1631 1818 1832 1893 gratia.

353 1896 459 1955 XI.
547 1896 640 1953 37.
685 1895 801 1952 Sed
838 1895 911 1952 de
952 1896 1233 1953 clarorum
1260 1837 1577 1952 {ominum
1619 1895 1792 1952 factis
1832 1894 1958 1951 illu-

273 1976 486 2034 stribus
518 1982 578 2032 et
609 1974 875 2049 gloriosis
908 1977 1043 2032 satis
1078 1975 1190 2031 hoc
1224 1975 1352 2031 loco
1385 1975 1605 2032 dictum
1641 1980 1743 2033 est.
1828 1974 1958 2031 Erit

270 2052 426 2111 enim
455 2053 570 2112 iam
597 2054 673 2117 de
701 2054 961 2112 omnium
992 2055 1270 2112 virtutum
1298 2073 1465 2112 cursu
1500 2055 1574 2112 ad
1602 2055 1959 2132 voluptatem

270 2133 539 2210 proprius
572 2133 887 2192 disserendi
932 2133 1107 2192 locus.
1192 2133 1363 2192 Nunc
1405 2143 1596 2192 autem
1641 2135 1958 2211 explicabO,

269 2211 536 2290 voluptas
583 2213 711 2290 ipsa
757 2233 903 2291 quae
946 2213 1244 2292 qualisque
1292 2215 1385 2286 sit,
1416 2223 1482 2272 ut
1523 2214 1758 2272 tollatur
1804 2234 1962 2272 error

269 2293 461 2350 omnis
499 2293 896 2370 imperitorum
942 2293 1437 2372 intellegaturque,
1467 2314 1551 2365 ea,
1583 2314 1728 2371 quae
1762 2294 1959 2372 volup-

267 2372 432 2443 taria,
481 2372 741 2445 delicata,
798 2373 991 2431 mollis
1055 2373 1351 2446 habeatur,
1409 2374 1715 2452 disciplina
1784 2394 1955 2451 quam

267 2453 474 2529 gravis,
506 2472 677 2531 quam
708 2454 1026 2545 continens,
1051 2473 1225 2532 quam
1254 2474 1447 2512 severa
1474 2454 1564 2511 sit.
1637 2453 1770 2512 Non
1800 2455 1957 2511 enim

267 2530 414 2590 hanc
444 2532 623 2590 solam
654 2534 962 2611 sequimur,
987 2553 1133 2611 quae
1167 2535 1444 2592 svavitate
1471 2533 1661 2611 aliqua
1693 2541 1954 2592 naturam

267 2611 448 2688 ipsam
484 2620 680 2671 movet
712 2621 770 2671 et
804 2633 935 2671 cum
969 2613 1326 2672 iucunditate
1362 2614 1607 2691 quadam
1643 2615 1958 2691 percipitur

267 2692 543 2763 sensibuS,
574 2693 675 2751 sed
714 2695 1024 2751 maximam
1062 2693 1418 2772 voluptatem
1461 2694 1619 2751 illam
1660 2694 1956 2766 habemus,

268 2791 414 2848 quae
453 2773 770 2851 percipitur
811 2775 971 2831 omni
1020 2773 1219 2831 dolore
1256 2774 1530 2832 detracto·
1616 2774 1765 2832 Nam
1819 2795 1958 2852 quo-

267 2851 440 2924 niam,
464 2872 594 2911 cum
625 2854 918 2931 privamur
944 2853 1202 2925 dolore,
1186 2873 1314 2932 ipsa
1338 2854 1677 2912 liberatione
1705 2861 1763 2912 et
1793 2875 1956 2912 vacu-

266 2931 407 2990 itate
456 2934 645 2991 omnis
694 2934 989 2992 molestiae
1035 2934 1372 3011 gaudemus,
1408 2953 1580 2991 omne
1635 2942 1828 2992 autem
1875 2935 1954 3006 id,

267 3031 384 3088 quo
416 3013 751 3086 gaudemuS,
786 3013 1051 3090 voluptas
1099 3019 1204 3084 est,
1236 3022 1300 3070 ut
1342 3032 1530 3084 omne,
1555 3033 1671 3091 quo
1714 3015 1957 3072 offendi-

266 3109 413 3159 mur,
437 3092 619 3164 dolor,
643 3093 858 3150 doloris
880 3092 1069 3151 omnis
1096 3093 1345 3170 privatio
1373 3100 1525 3151 recte
1548 3094 1846 3152 nominata
1868 3101 1956 3152 est

267 3170 548 3249 voluptas.
651 3172 741 3233 Ut
794 3174 969 3246 enim,
1013 3192 1146 3231 cum
1190 3173 1322 3231 cibo
1370 3181 1431 3231 et
1476 3174 1716 3251 potione
1768 3175 1956 3233 fames
