2259 3467
763 123 899 173 L113.
931 124 1058 186 111.‚
1086 124 1244 173 CAP.
1273 124 1655 186 xx1.‚xx11.
1971 128 2065 173 109

367 222 602 281 omnia?
700 222 758 282 N
760 243 823 281 ec
878 231 1071 283 tamen
1131 225 1447 303 quidquam
1505 231 1608 297 est,
1641 224 1798 303 quod
1847 226 2067 283 moveri

365 304 568 382 possit.
1780 368 1792 380 .

450 383 542 441 7-5.
580 378 766 452 Quam
798 385 987 461 gravis
1010 405 1161 457 vero,
1186 405 1358 463 quam
1383 384 1705 462 magnifica,
1733 404 1904 463 quam
1934 404 2067 443 con-

365 471 525 521 stans
550 462 855 521 couficitur
875 484 1119 541 persona
1149 466 1457 543 sapientis!
1502 465 1617 543 qui,
1643 485 1775 523 cum
1799 465 1944 522 ratio
1966 464 2067 522 do-

365 544 566 616 cuerit,
592 544 749 622 quod
793 544 1101 602 honestum
1147 553 1311 618 esset,
1343 545 1404 603 id
1447 565 1568 603 esse
1603 545 1790 603 solum
1823 543 2061 617 bonum,

365 643 594 702 semper
621 625 697 682 sit
725 643 953 683 necesse
982 631 1073 682 est
1097 624 1301 683 beatus
1330 645 1572 704 vereque
1602 626 1798 683 omnia
1825 625 1936 683 ista
1963 644 2063 682 no·

362 705 525 762 mina
572 705 882 782 possideat,
914 724 1059 784 quae
1115 705 1341 764 irrideri
1396 706 1469 763 ab
1524 705 1808 782 imperitis
1858 705 2058 763 solent.

364 783 604 862 Rectius
632 785 785 842 euim
822 785 1204 863 appellabitur
1236 804 1334 842 rex
1371 804 1540 862 quam
1573 784 1936 861 Tarquinius,
1963 786 2062 862 qui

365 884 470 923 nec
494 884 553 923 se
582 884 689 923 nec
717 884 851 922 suos
874 885 1065 943 regere
1088 865 1298 943 potuit,
1320 866 1531 922 rectius
1562 865 1833 941 magister
1860 865 2063 942 populi

366 939 443 1017 (is
477 945 633 1003 enim
676 953 765 1003 est
806 943 1078 1022 dictator)
1125 965 1296 1024 quam
1341 945 1515 1017 Sulla,
1544 945 1641 1023 qui
1677 945 1850 1001 trium
1887 945 2061 1021 pesti-

363 1026 620 1083 ferorum
647 1025 936 1097 vitiorum‚
956 1025 1230 1097 luxuriae,
1255 1025 1541 1096 avaritiae,
1565 1024 1919 1082 crudelitatis
1947 1044 2062 1082 ma-

364 1105 544 1182 gister
565 1106 698 1177 fuit,
722 1106 932 1163 rectius
954 1106 1113 1164 dives
1132 1125 1304 1182 quam
1328 1106 1582 1178 Crassus,
1610 1105 1724 1183 qui,
1748 1104 1856 1162 nisi
1880 1105 2063 1182 eguis-

366 1192 469 1256 set,
500 1203 819 1263 numquam
853 1185 1204 1264 Euphraten,
1228 1186 1387 1244 nulla
1429 1186 1561 1244 belli
1603 1204 1788 1256 causa,
1820 1186 2061 1243 transire

364 1264 655 1324 voluisset.
740 1265 918 1323 Recte
963 1267 1085 1324 eius
1130 1267 1326 1324 omnia
1370 1263 1648 1337 dicentur,
1675 1266 1773 1343 qui
1824 1265 1932 1323 scit
1975 1266 2061 1323 uti

365 1344 518 1403 solus
554 1344 867 1416 ‘omnibus3
931 1354 1082 1404 recte
1130 1346 1307 1404 etiam
1355 1347 1594 1424 pulcher
1643 1345 2059 1423 appellabitur-3

364 1425 546 1483 animi
574 1425 728 1483 enim
763 1425 1098 1483 liniamenta
1130 1434 1267 1485 sunt
1298 1427 1625 1504 pulchriora
1658 1445 1830 1504 quam
1862 1445 2061 1502 corpo-

363 1505 476 1577 ris;
536 1512 689 1563 recte
738 1504 892 1562 solus
941 1505 1097 1576 liber,
1131 1526 1238 1564 nec
1287 1506 1673 1565 dominationi
1721 1506 2058 1582 cuiusquam

363 1604 573 1662 parens
599 1604 705 1643 nec
735 1583 1010 1643 obediens
1037 1586 1377 1664 cupiditati3
1421 1593 1573 1643 recte
1607 1585 1870 1655 invictUS,
1895 1585 2059 1642 cuius

365 1665 592 1723 etiamsi
634 1685 842 1743 corpus
883 1667 1326 1743 constringatur,
1358 1667 1552 1723 animo
1596 1672 1787 1723 tamen
1833 1665 2059 1723 vincula

364 1744 504 1802 inici
534 1744 689 1803 nulla
716 1746 956 1822 possint.
1047 1747 1140 1804 76.
1177 1745 1234 1803 N
1237 1766 1300 1804 ec
1329 1753 1591 1822 expectet
1621 1745 1799 1803 ullum
1828 1752 2059 1822 tempus

364 1825 587 1896 aetatis,
619 1832 685 1882 ut
733 1833 860 1882 tum·
905 1824 1155 1903 denique
1208 1826 1508 1896 iudicetur,
1542 1824 1814 1883 beatusne
1862 1825 2055 1895 fuerit,

365 1923 499 1962 cum
549 1915 869 1962 extremum
916 1905 1064 1963 vitae
1112 1905 1268 1963 diem
1314 1913 1500 1963 morte
1545 1905 1874 1976 confecerit,
1902 1906 2059 1981 quod

365 1984 462 2042 ille
496 2004 645 2042 unus
679 2004 709 2042 e
752 1992 974 2062 septem
1017 1985 1374 2062 sapientibus
1415 2003 1532 2042 non
1568 1985 1854 2063 sapienter
1887 1984 2058 2042 Croe-

366 2084 494 2122 sum
530 2064 773 2122 monuit.
860 2064 1011 2122 Nam
1047 2066 1094 2122 si
1126 2066 1330 2123 beatus
1365 2084 1636 2144 umquam
1678 2065 1901 2136 fuisset,
1932 2064 2060 2123 bea-

365 2150 486 2203 tam
516 2144 694 2202 vitam
723 2164 905 2222 usque
939 2145 1013 2202 ad
1046 2144 1210 2202 illum
1239 2166 1275 2204 a
1306 2145 1461 2222 Cyro
1496 2152 1819 2204 extructum
1850 2164 2065 2222 rogum.

365 2223 711 2304 pertulisset.
796 2223 969 2292 Quod
998 2224 1046 2282 si
1075 2226 1158 2282 ita
1185 2234 1288 2297 est,
1312 2233 1375 2284 ut
1402 2245 1587 2303 neque
1617 2227 1917 2303 quisquam
1947 2226 2065 2282 nisi·

364 2304 554 2362 bonus
582 2304 668 2361 vir
696 2310 755 2361 et
784 2323 984 2362 omnes
1014 2304 1151 2362 boni
1179 2305 1333 2364 beati
1363 2306 1495 2376 sint,
1522 2305 1661 2383 quid
1690 2305 2060 2383 philosophia

365 2385 553 2462 magis
581 2383 885 2441 colendum
918 2392 1018 2442 aut
1046 2384 1187 2461 quid
1216 2392 1303 2443 est
1332 2385 1540 2443 virtute
1562 2385 1850 2443 divinius?

580 2488 616 2541 9
